2256 4090
146 63 202 126 142
534 77 577 122 ns
598 78 692 124 voro.

144 219 335 362 ”mint
347 219 377 280 ia
390 219 436 284 eis
448 219 616 302 dispensare
628 240 686 283 nec
699 237 736 284 ea
746 231 928 284 commutare
940 233 1078 304 potestate

144 322 164 362 o
262 321 271 360 r

184 380 224 440 11.
247 381 272 438 l.
293 379 402 440 Votum
415 377 577 460 Religionis
589 379 756 460 approbate
769 379 983 459 ngredtende3
1095 368 1096 402 ³

183 461 213 520 2.
233 459 344 522 Votum
395 470 507 540 rpetuoe
520 459 664 522 castitatis
677 458 739 539 sive
752 460 958 530 continentias
1096 478 1097 520 l

183 540 213 598 8.
233 537 342 600 Votum
387 537 607 617 eregrinationis
627 539 775 610 Ronanae,
797 539 858 600 sive
879 539 1013 602 visitmrdi
1035 541 1098 622 Li„

146 618 226 679 minu
239 618 464 698 Apostolorum

179 702 248 838 liam
244 697 353 758 Votum
381 695 626 778 Peregrinationis
652 697 691 758 ad
722 697 752 758 S.
778 697 922 760 Jacobrrm
950 698 1099 780 Compos-l

154 917 157 928 ,
184 859 214 916 5.
234 856 344 917 Votum
358 855 603 934 Peregrinationia
616 853 637 916 J
638 855 879 937 erosolymitanoe,
893 857 954 918 sive
967 857 1005 918 sd
1015 857 1086 918 Ter·

146 955 209 998 ram
224 935 371 998 Sanctam.

185 1015 380 1076 Reservatnm
393 1014 482 1076 etiam
499 1013 555 1074 luit
567 1026 668 1074 votum
681 1014 958 1095 Jerosolpnnitanmn
971 1035 1022 1096 pro
1035 1035 1088 1078 ex·

145 1093 297 1176 peditione
308 1093 378 1156 belli
391 1094 429 1154 ad
442 1095 669 1173 recuperandam
691 1093 813 1154 Terram
830 1095 967 1156 Sanctam
981 1115 1045 1174 cap.
1060 1097 1089 1154 9.

146 1194 185 1238 ex
198 1175 291 1234 mults
303 1173 353 1234 lib.
366 1176 394 1232 8.
408 1173 453 1233 tit.
466 1175 515 1232 84.

186 1251 340 1333 Episcopis
353 1251 433 1312 nulla
445 1263 513 1312 vota
525 1273 564 1313 ex
573 1255 640 1332 jure
654 1252 800 1324 communi
817 1272 831 1312 s
869 1252 982 1314 cialiter
995 1268 1091 1314 reser-

145 1345 213 1394 vata
225 1347 312 1401 sunt;
333 1332 449 1410 quando
466 1343 565 1392 autem
580 1332 718 1412 Episcopi
732 1348 823 1394 uuuce
845 1345 899 1392 unt
912 1343 1092 1411 potestatem
1104 1355 1105 1360 ¹

145 1411 310 1491 delegatam
329 1411 524 1491 dispensandi,
545 1423 667 1492 possunt
685 1407 739 1472 sibi
757 1411 890 1491 quaedam
907 1421 976 1472 vota
994 1432 1094 1476 reser-

145 1509 224 1552 vare.

185 1570 262 1632 cun
283 1569 440 1636 reservatio
456 1570 496 1631 sit
508 1569 617 1635 stricta
637 1569 895 1650 interpretationis,
914 1570 984 1632 hinc
998 1571 1095 1632 dedu-

146 1649 231 1722 citur,
252 1649 309 1709 111.
328 1669 387 1710 non
411 1669 475 1710 esse
498 1661 678 1710 reservatrun
701 1659 802 1710 votnm
824 1649 949 1728 simplex
967 1649 1096 1730 suscipi·

146 1729 215 1790 endi
230 1728 357 1790 Ordines
372 1729 483 1800 Sacros,
498 1749 554 1790 nec
571 1737 671 1790 votulu
694 1748 752 1788 non
774 1729 912 1800 nubendi,
931 1749 1028 1808 neque
1044 1745 1098 1790 vo-

147 1819 209 1868 tunr
223 1828 280 1868 non
294 1807 414 1888 petendi
428 1807 559 1870 debitum
578 1809 740 1902 conjugale,
763 1807 831 1887 quia
854 1807 1053 1870 essentialiter
1068 1814 1096 1868 ἃ

145 1907 199 1966 pro
219 1888 263 1947 rie
276 1907 334 1948 non
348 1899 418 1948 sunt
430 1897 498 1948 vota
511 1888 665 1950 castitatis.

185 1967 200 2025 1
230 2009 239 2026 .
259 1965 469 2028 Verumtamen
482 1986 536 2045 per
549 1978 649 2028 votum
662 1986 720 2026 non
731 1965 860 2026 nubendi
870 1979 1011 2028 voventes
1025 1987 1099 2046 pas·

144 2047 201 2108 sim
214 2045 371 2120 intendunt
384 2066 416 2107 se
426 2045 555 2124 obligare
568 2047 607 2106 ad
619 2046 795 2115 castitatem,
809 2045 898 2124 prorlt
911 2058 995 2108 notat
1007 2047 1103 2125 Wig-

144 2144 221 2206 gers,
235 2130 262 2184 es
275 2124 317 2186 ita
329 2125 467 2186 emissum
479 2135 653 2191 reservatur.
836 2163 839 2176 ·

158 2229 161 2236 ·
185 2203 326 2264 Similiter
334 2207 423 2284 juxta
437 2205 467 2264 S.
481 2201 585 2264 Thom.
598 2207 667 2266 M.
680 2223 708 2284 q.
721 2205 769 2264 88.
781 2223 809 2274 a.
822 2203 851 2262 8.
865 2204 903 2266 ad
915 2206 944 2264 Ξ.

183 2283 221 2342 V.
241 2283 351 2344 Votum
377 2283 511 2344 servandi
535 2283 679 2364 perpetui
700 2283 906 2362 virginitatem,
933 2303 972 2344 ex
995 2284 1103 2346 inten-

145 2364 225 2430 tione
238 2363 407 2424 voventium
425 2362 617 2442 complecitur
637 2375 738 2424 votum
761 2361 905 2426 mentatio
927 2375 1102 2443 perpetuae,

145 2443 278 2523 adeoque
290 2441 392 2503 haberi
406 2444 496 2503 debet
510 2455 647 2522 tanquam
661 2453 850 2516 reservatum.

184 2521 237 2580 Vl.
257 2521 367 2582 Votum
381 2521 515 2582 servandi
529 2522 695 2583 castitatem
709 2531 828 2582 centurn
851 2519 933 2581 annis
952 2535 1106 2584 censetur

146 2601 865 2756 esshelpler‘pptpssapgpqaplpflrgppgtaatfflmm
876 2679 971 2758 annis.
1012 2748 1019 2758 Α

184 2759 220 2818 ln
233 2771 301 2819 voto
315 2761 369 2820 sub
383 2761 438 2820 hac
456 2761 550 2820 forma
572 2779 719 2840 expresso,
741 2758 871 2836 “Voveo
896 2760 1106 2832 castitmemss’

146 2838 327 2918 significatur
340 2839 462 2900 castitas
476 2851 627 2919 perpetua.

185 2918 254 2978 VII.
274 2919 382 2982 Votum
405 2919 547 2980 castitatis
569 2931 721 2998 perpetum
741 2917 853 2979 factum
878 2917 896 2976 ri
914 2920 1045 3009 conjuge
1071 2919 1108 2978 in

146 3017 234 3076 eausa
248 2997 365 3058 divortii
383 2997 517 3080 perpetui
526 2999 582 3072 ‚vel
604 3019 642 3074 ex
656 3017 800 3059 consensu
815 2995 997 3076 irrevocabili
1012 3017 1108 3056 com·

184 3077 245 3146 rtis,
260 3089 307 3138 est
318 3089 508 3152 reservatum,
530 3097 615 3140 aecus
629 3077 654 3138 si
675 3079 785 3156 absque
809 3077 860 3154 tali
879 3095 1025 3138 consensu
1049 3079 1109 3137 vel

145 3095 270 3249 iivortio
286 3157 325 3216 sit
339 3157 495 3220 emissum:
506 3177 632 3249 ‘semper
643 3155 739 3237 quoad
748 3155 921 3236 petitionem
931 3153 1025 3216 debiti
1037 3155 1110 3215 dis-

146 3248 374 3376 pelVVlri.thoetsat
389 3235 713 3394 pBnggEipffiuppm
737 3303 853 3383 Patria,
881 3333 945 3394 quae
973 3313 1111 3392 publice

144 3392 327 3474 profitentur,
350 3407 420 3454 aunt
442 3395 621 3474 temporalia,
649 3396 763 3474 scilicet
789 3394 918 3474 obligant
941 3413 994 3472 pro
1019 3405 1111 3454 tem·

145 3491 224 3549 pore,
247 3473 348 3554 quoin
372 3475 421 3536 illo
443 3485 522 3536 statu
545 3485 754 3556 perseverant;
774 3491 831 3552 quo
855 3471 959 3535 relicto
973 3487 1111 3534 cessant

145 3562 221 3612 vota·
