2254 4072
212 239 219 248 ·
311 207 554 270 renuerunt-rm
575 223 726 270 aurens.
820 259 826 276 .
934 194 991 270 ’391

37 379 181 446 apparatu
194 363 293 428 rerum
315 377 513 440 externarum,
533 367 611 448 puta·
627 363 762 439 vestium,
789 369 989 450 supellectilia,

39 447 246 520 conviviorum,
271 453 323 512 dc.
338 449 529 514 consideratis
553 460 633 515 statu
657 447 874 509 &conditione
888 447 989 530 perso·

38 543 149 596 narum,
163 527 230 598 loci,
259 527 400 609 temporis
414 533 440 587 ἃ
454 529 667 612 consuetudine
681 529 850 665 approbata
910 541 915 552 ’·

77 605 338 686 VIII.Oppouitur
349 608 376 668 ei
386 626 441 686 per
450 604 600 670 defectum
612 615 696 686 “neg
709 619 792 668 ectus
800 607 989 688 apparatus?

37 705 89 762 per
103 705 259 752 excessum
281 687 395 750 “luxus
416 708 451 748 su
472 708 504 748 ra
519 685 654 758 statum‚”
666 687 716 769 qui
727 697 826 770 potest
839 687 989 750 adducere

39 776 195 843 peccatum
222 764 346 828 mortale
373 786 412 827 ex
462 767 563 828 'versis
591 767 695 837 causis,
718 787 746 825 v.
760 783 789 845 g,
812 759 883 826 dum
897 784 936 828 ex
951 788 987 830 eo

37 857 176 905 creantur
199 847 300 911 debita
320 867 378 910 non
400 847 548 917 solvenda,
574 847 644 906 dum
666 858 786 906 ornatus
797 858 852 920 ‘est
865 847 987 908 scando·-

36 923 124 994 losus,
140 927 178 985 ad
188 924 341 987 libidinem
352 945 522 1005 provocare,
532 931 585 987 dc.
729 997 732 1004 ¹

75 1003 130 1062 IX.
152 1003 245 1067 Notat
270 1005 298 1066 S.
313 1005 419 1067 'ibern-
442 1018 497 1068 art.
513 1007 539 1065 l.
559 1005 639 1066 add.
653 1005 733 1086 qbdd
757 1006 820 1065 sine
842 1004 914 1066 vitio
932 1007 985 1066 ho·-

36 1082 132 1143 mines
146 1084 176 1143 in
190 1082 335 1170 dignitate
350 1083 510 1157 constituti,
519 1087 567 1148 vel
577 1081 702 1144 ministri
716 1085 815 1146 altaris
829 1079 989 1160 induantur

38 1161 259 1241 pretiosioribus
280 1165 420 1236 vestibus*
442 1185 501 1225 non
525 1176 645 1246 propter
669 1167 716 1224 sul
729 1165 928 1244 gloriam‚·sed
949 1167 988 1225 ad

35 1241 259 1380 {ignidcandam
286 1239 496 1306 excellentiam
533 1246 578 1304 sui
614 1237 779 1326 ministerii,
807 1246 855 1305 vel
890 1245 988 1305 'cultbs

55 1341 137 1386 rvmr.

75 1401 114 1460 X.
139 1401 279 1471 slmiliter
292 1423 350 1464 non
366 1407 432 1464 esse
450 1400 597 1474 vitiosum,
620 1397 700 1484 qudd
723 1398 813 1482 aliqui
828 1425 854 1476 v,
869 1424 897 1482 g.
907 1404 989 1464 Reli·

32 1479 106 1559 giosi
121 1474 272 1562 vilioribus
285 1483 417 1544 vestibus
432 1485 554 1544 utantur
568 1485 606 1544 ad
619 1483 825 1551 humilitatem,
841 1483 987 1562 poeniten-

33 1561 104 1620 tiam
119 1567 148 1621 a
160 1564 347 1642 exemplumr
368 1564 456 1624 sicuti
479 1563 609 1624 Joann'es
634 1563 707 1640 Bap.
729 1563 827 1624 sarii
840 1563 878 1622 ad
892 1563 987 1623 Hebr.

36 1642 79 1698 ll.
102 1642 285 1720 circuierunt
311 1643 342 1701 in
369 1643 533 1706 melotis&
555 1641 681 1724 pellibus
703 1642 840 1722 caprinis.
861 1642 939 1705 Item
956 1642 985 1702 S.

34 1718 89 1779 Th.
103 1723 134 1780 2.
149 1721 177 1780 2.
192 1743 220 1804 q.
237 1721 302 1782 187.
316 1741 342 1783 a.
356 1715 385 1781 b.

165 1947 202 2018 li.
222 1961 290 2019 303.
331 1957 390 2020 DE
412 1959 592 2022 ORNATU
612 1951 857 2060 MULIERUM.

219 2194 221 2214 Ι
272 2118 307 2179 s
326 2119 425 2179 Tum.
439 2121 468 2178 2.
482 2122 510 2178 a.
524 2138 552 2198 q.
569 2120 703 2180 maur
717 2121 745 2178 a.

33 2277 55 2335 1.
80 2277 213 2338 Matar
233 2277 363 2338 mulieris
384 2279 543 2356 aliquando
557 2278 714 2338 estlicitas.
754 2277 795 2336 11.
815 2275 986 2356 Aliquando

82 2367 237 2434 peccalum
246 2359 373 2419 mortale.
413 2356 775 2436 III-Adbuandooemble.
816 2356 985 2416 IV.·Muit'er

88 2438 124 2494 ia
137 2447 209 2496 vasa
224 2437 306 2496 cirili
319 2438 345 2514 d·
359 2438 375 2497 ἑ
388 2447 498 2498 watra.
538 2437 575 2496 V.
601 2437 734 2515 alaeam.

70 2595 95 2653 1.
118 2592 179 2659 AN
193 2607 312 2659 ornatus
325 2594 481 2658 mulierum
495 2607 542 2656 est
560 2595 623 2655 sine
638 2597 784 2676 peccato?

72 2673 249 2756 Respondet
262 2677 304 2736 JS.
328 2675 384 2735 Th.
398 2697 423 2738 a
437 2680 466 2736 2.
479 2675 514 2734 in¹
524 2695 549 2738 c.
577 2683 597 2712 “
606 2673 637 2737 si
651 2674 756 2735 mulier
770 2675 927 2754 conjugata
947 2677 986 2736 ad

32 2759 51 2789 “
60 2753 118 2814 hoc
133 2775 165 2816 se
180 2767 274 2825 ornet,
289 2767 323 2815 ut
336 2756 399 2815 viro
413 2772 466 2816 suo
480 2753 604 2835 placeat,
618 2773 656 2815 ne
699 2775 731 2815 er
755 2755 818 2834 ejus
833 2766 985 2834 contemp·
1000 2783 1003 2793 ’

34 2845 96 2891 turn
111 2833 142 2892 in
156 2835 332 2894 adulterium
346 2835 470 2906 labatur,
485 2846 584 2914 potest
606 2835 663 2894 hoc
676 2775 775 2895 iacere
789 2835 900 2916 absque
915 2855 985 2913 pec·

34 2926 110 2974 cato.
152 2909 213 2973 Illae
238 2927 337 2974 autem
361 2915 508 2986 mulieres,
533 2934 599 2994 quae
622 2913 699 2974 viros
713 2933 771 2974 non
795 2913 906 2974 habent
929 2935 986 2974 nec

36 2993 140 3054 volunt
153 2994 272 3064 habere,
292 3000 317 3054 a
332 3007 401 3054 sunt
419 2995 449 3054 in
471 3006 550 3054 statu
567 3015 626 3053 non
639 2991 777 3064 habendi,
791 3013 850 3052 non
864 3006 987 3071 possunt

34 3073 146 3152 absque
168 3085 292 3153 peccato
313 3095 350 3154 ap
372 3085 454 3134 etere
493 3075 590 3134 lacere
608 3073 736 3135 virorum
759 3074 927 3152 aspectibus
948 3073 987 3132 ad

34 3153 304 3231 concupiscendum
316 3176 324 3212 ε
336 3092 375 3212 li.
391 3093 523 3233 quiabbc
532 3165 579 3214 est
589 3153 659 3212 dare
670 3154 713 3214 eis
722 3153 904 3213 incentivum
915 3153 984 3231 pec·¹

35 3232 132 3290 candi.
174 3233 215 3292 Et
230 3234 254 3292 si
269 3233 388 3312 quidem
412 3234 469 3296 hac
493 3233 657 3294 intentione
681 3253 713 3294 se
738 3243 852 3302 ornent,
867 3244 901 3291 ut
914 3233 985 3308 alios

34 3323 196 3388 provocent
220 3313 258 3371 ad
282 3311 551 3391 concupiscentiam
582 3312 745 3373 mortaliter
765 3323 899 3390 peccant.
955 3312 986 3371 Si

34 3401 135 3450 autem
150 3411 189 3450 ex
204 3391 329 3470 quadam
343 3392 471 3463 levitate,
486 3394 533 3453 vel
548 3393 637 3453 etiarn
656 3411 695 3452 ex
713 3392 839 3471 quadam
854 3392 984 3450 vanitate

33 3481 169 3548 propter,
174 3473 347 3551 jactantiam
371 3473 535 3552 quamdam,
560 3491 618 3531 non
637 3490 755 3550 semper
770 3482 816 3530 est
829 3482 987 3550 peccatum
1052 3545 1055 3552 Ι

33 3547 165 3620 mortale,
190 3551 243 3610 sed
265 3552 439 3632 quandoque
467 3551 589 3612 veniale.
630 3552 687 3610 ΙΙΙ.
709 3551 750 3610 Et
778 3550 879 3612 eadem
902 3551 985 3620 ratio,

35 3629 180 3708 quantum
194 3629 307 3701 adhoc,
323 3643 369 3692 est
393 3631 430 3691 de
453 3632 558 3692 viris...
585 3630 713 3710 Capillos
726 3631 839 3690 nudare
852 3629 985 3698 feminas,

32 3729 107 3786 quas
121 3710 211 3770 etiam
226 3723 315 3790 caput
338 3711 436 3772 velare
460 3711 621 3790 Apostolus
641 3714 736 3790 jubet,
758 3729 815 3769 nec
833 3709 986 3768 maritatas

33 3789 141 3859 decet;
155 3787 185 3848 in
210 3809 268 3870 quo
292 3803 391 3852 tamen
413 3811 484 3852 casu
498 3802 620 3869 possent
643 3787 748 3868 ali'quae
766 3789 921 3868 apeccato
935 3809 984 3848 ex·

30 3871 140 3942 cusari,
156 3869 273 3948 quando
287 3871 344 3934 hoc
358 3891 416 3931 non
430 3870 516 3932 fieret
526 3891 564 3932 ex
578 3870 675 3950 aliqua
683 3869 822 3940 vanitate,
835 3868 887 3928 sed
902 3887 984 3947 prop
