2256 4090
362 233 364 244 ,
427 195 489 238 nn
509 195 602 238 voro.
839 241 841 247 ,
938 175 991 232 127

87 331 254 412 objiciente
289 339 374 395 omne
399 347 500 396 votum
530 333 724 399 essentialiter
750 343 797 394 eat
822 330 990 412 promissior
1117 327 1118 350 *

51 431 114 488 ergo
127 421 228 472 votum
242 413 370 474 solemne
380 427 427 475 ert
439 415 534 476 solum
547 413 707 494 promissio,
721 433 779 473 non
792 410 919 480 traditio,

84 491 144 550 111.
166 489 203 552 R.
224 491 301 571 Neg.
320 513 438 572 conseq.
477 494 554 560 Quia
576 505 677 554 votum
703 493 832 554 solemne
856 489 988 552 continet

50 579 199 649 utrumque
218 575 245 629 dr
260 571 445 633 traditionem
465 573 509 634 rei
528 578 554 632 e
573 571 792 652 promissionem
811 569 989 648 mds,.quod

51 649 233 710 demonstrat
254 650 285 710 S.
309 651 413 711 Thom-
431 652 514 712 init
537 652 611 732 disp.
631 654 680 711 88.
700 661 803 730 quaest.
826 651 852 708 l.
878 659 933 708 art·
960 649 988 706 2·

48 738 146 806 quest.
160 731 189 788 8.
203 728 323 798 dicene;
343 729 431 792 sicuti
453 731 477 792 si
496 731 602 810 aliquis
618 732 747 792 fructum
761 727 824 808 agri
837 727 989 807 promitte·

47 819 97 876 ret,
109 807 345 886 &promittendo
358 829 462 888 agrum
475 810 577 872 daret:
596 811 641 872 sic
655 810 706 889 qui
718 807 888 870 solemniter
901 817 989 866 vovet

47 884 217 956 castitatem,
238 887 328 948 tradit
346 899 524 967 potestatem
541 889 586 950 aui
606 889 735 968 corporis
753 889 783 948 in
801 885 988 966 presenti&

46 965 186 1046 promittit
198 986 283 1026 usum
296 987 350 1046 pro
361 967 470 1040 tirturo,
578 969 622 1029 vis
637 969 715 1030 enim
729 967 883 1030 tradiderit
896 964 987 1024 domi-

46 1043 121 1104 nium
133 1044 182 1106 aui
194 1047 331 1138 corporis,
354 987 578 1110 retinet-adlidi¹
594 1068 680 1108 usum
694 1047 831 1148 corporis.

78 1123 131 1182 IV.
157 1123 313 1198 Ola'imtur·
327 1129 368 1186 20.
390 1145 456 1206 cap.
479 1127 557 1190 unic.
580 1128 646 1188 “de
670 1126 762 1188 Voto'
786 1126 817 1185 in
829 1127 859 1188 6.
900 1123 987 1184 Boni·

45 1201 132 1262 iaciua
148 1202 178 1260 V
211 1203 236 1262 1.
249 1203 331 1273 dicit,
345 1203 495 1284 quddvoti
509 1207 678 1266 solemnitas
692 1225 731 1266 ex
745 1205 807 1265 sola
820 1201 987 1266 constituti·

46 1299 95 1340 one
109 1280 254 1342 Ecclesiae
268 1283 307 1342 sit
321 1284 447 1346 inventa.
761 1335 763 1340 ,

77 1360 113 1420 lt.
139 1360 279 1424 Pontifex
292 1363 421 1442 loquitur
433 1383 492 1431 nou
505 1365 543 1425 de
557 1363 740 1426 solemnitate
754 1363 912 1424 intrinsece
924 1360 985 1420 voti

44 1438 186 1510 solemnis,
201 1440 300 1501 sedda
314 1443 498 1504 solemnitate
511 1443 704 1504 caeremoniali
714 1440 880 1504 necessarid
889 1439 986 1518 requi-

41 1517 102 1588 siti,
124 1517 266 1580 nimurlm
281 1521 414 1582 Ecclesia
422 1522 575 1584 constituit
587 1523 676 1582 ritum
690 1527 716 1582 tr
728 1523 855 1590 modum,
866 1539 924 1599 quo
937 1537 987 1578 vo·

43 1608 99 1656 tum
122 1598 256 1660 solemne
278 1600 368 1662 debet
380 1601 485 1672 emitti,
507 1605 657 1680 &absque
676 1601 875 1662 observatione
900 1597 985 1658 istius

41 1676 109 1735 ritits
122 1688 228 1736 votum
242 1678 370 1740 solemne
384 1700 441 1740 non
455 1692 554 1760 potest
567 1681 671 1750 emitti,
681 1681 723 1740 ita
735 1692 777 1750 ut,
792 1679 817 1738 si
832 1677 985 1757 quisquam

39 1755 232 1816 velletfacere
245 1769 347 1817 votum
357 1760 495 1830 solemne,
508 1780 566 1819 non
581 1771 696 1820 servato
710 1759 766 1818 isto
776 1759 845 1828 ritu,
859 1756 931 1814 nihil
941 1755 982 1814 ef·

39 1834 150 1904 ficeret,
170 1841 200 1894 dr
212 1836 268 1896 hdc
281 1835 394 1898 ratione
407 1839 575 1899 solemnitas
598 1839 658 1899 voti
671 1838 779 1898 dicitur
793 1856 858 1896 esse
872 1855 910 1895 ex
925 1834 985 1894 sola

37 1913 246 1975 constitutione
271 1916 432 1986 Ecclesiae
458 1919 625 1997 quomodo
651 1918 740 1977 hodie
759 1917 842 1976 recte
866 1913 982 1984 dicitur,

40 1992 116 2070 quod
137 1993 308 2055 solemnitas
321 1995 512 2068 Matrimonii,
534 2009 568 2056 ut
581 1997 770 2058 contrahatur
786 2014 882 2056 coram
896 1993 984 2052 Paro·

35 2072 89 2130 eho
101 2077 129 2130 dt
143 2073 278 2144 testibus,
306 2075 345 2134 sit
358 2095 397 2134 ex
418 2076 479 2136 sola
499 2077 708 2136 constitutIone
721 2075 873 2144 Ecclesiae,
896 2071 938 2132 ita
951 2082 985 2131 ut

35 2151 94 2210 sine
108 2152 161 2212 illa
171 2153 387 2213 matrimonium
401 2165 581 2215 attentatum
595 2155 634 2214 sit
647 2157 696 2216 hle
709 2153 876 2213 invalidum.

61 2230 94 2288 V.
104 2231 284 2292 Solemnitas
293 2246 391 2293 autem
399 2234 541 2314 requisita
550 2235 588 2294 ad
598 2247 665 2294 vota
678 2233 817 2294 solemnia
829 2231 984 2301 castitatis,

38 2311 255 2388 paupertatis&
268 2312 441 2373 obedientia
455 2313 589 2386 consistit
601 2313 631 2372 in
641 2313 697 2383 his,
711 2323 745 2372 ut
766 2312 816 2371 illa
836 2322 904 2372 voto
915 2309 986 2370 fiant

37 2389 63 2445 in
72 2388 233 2468 Religione
242 2394 483 2470 approbata,cnm
492 2393 696 2472 acceptatione
706 2391 869 2470 Superioris
879 2390 909 2449 in
919 2407 986 2468 per·

37 2479 167 2545 petuum,
192 2474 288 2530 &non
310 2481 379 2531 ante
402 2483 520 2532 aetatem
540 2489 681 2532 annorum
705 2471 835 2531 sedecim
858 2469 986 2548 comple-

36 2558 139 2618 torum,
164 2553 193 2606 dt
204 2567 262 2608 non
276 2549 333 2610 nisi
347 2561 414 2630 post
427 2551 572 2630 integrum
568 2551 765 2690 ¹'probationis
777 2568 885 2609 annum
896 2573 904 2617 ;
917 2547 986 2607 olio·

36 2626 101 2704 quin
115 2627 265 2764 {polemio
281 2629 455 2766 paterniter
469 2649 566 2691 essen
598 2631 627 2692 la
639 2651 693 2710 per
714 2629 878 2692 Caesellium
903 2625 984 2688 Trid.

35 2723 101 2764 sess.
160 2747 168 2764 .
184 2725 219 2767 ca
240 2747 248 2764 .
265 2710 278 2765 l
301 2749 309 2766 .
791 2743 795 2754 ·

69 2783 123 2842 v1.
136 2727 315 2864 Antiduitrls
324 2787 492 2867 prInsquam
501 2801 635 2849 emanata
645 2799 724 2872 esset
733 2789 798 2848 haec
806 2785 986 2856 constitutio,

34 2875 93 2923 erat
115 2864 211 2924 etiam
225 2865 329 2948 aliquis
345 2867 461 2927 modus
472 2868 639 2930 solemniter
652 2867 776 2928 vovendi
798 2869 836 2927 ab
852 2865 987 2926 Ecclesia

34 2945 222 3020 approbatus,
245 2945 288 3005 ait
302 2945 331 3005 S.
356 2945 420 3006 Ta·
432 2947 498 3006 dist
511 2949 559 3006 d&
605 2989 614 3004 .
633 2949 662 3005 2.
676 2959 730 3006 art
753 2949 782 3004 2.
807 2948 876 3024 qsll.
895 2945 933 3003 ad
956 2945 984 3000 3.

35 3023 120 3114 etiam
136 3022 157 3082 a
171 3035 304 3102 tempore
319 3025 526 3103 Apostolorum
541 3027 571 3087 S.
582 2967 686 3086 i'tom.
700 3029 727 3084 2.
741 3027 770 3084 2.
785 3045 813 3103 q.
826 3013 879 3084 88.⁸
888 3035 943 3083 ara
956 3025 984 3080 7.

34 3121 60 3160 m
73 3123 100 3162 c.

68 3181 140 3239 VII.
169 3181 261 3241 Simul
274 3184 404 3253 observa,
419 3181 499 3263 quod
513 3184 562 3244 illc
580 3195 711 3266 tempore
725 3185 802 3244 inter
817 3182 983 3243 Monachos

32 3260 72 3320 rel
88 3261 233 3354 Virgines
247 3261 448 3324 cohabitantes
470 3263 587 3343 quidam
599 3264 743 3324 haberent
760 3274 829 3322 vota
842 3261 983 3322 solemnia

33 3339 187 3410 castitatis,
209 3341 328 3420 quidam
348 3353 417 3402 vota
435 3341 585 3421 simplicia,
607 3343 655 3402 alii
669 3343 762 3402 solnm
786 3340 983 3422 propositum:

33 3418 82 3479 hoc
100 3421 260 3498 supposito
273 3421 358 3480 facile
372 3421 575 3502 intelliguntur
588 3421 668 3482 dicta
682 3422 735 3482 SS.
758 3424 888 3492 Petrum,
913 3421 982 3479 dum

33 3499 211 3576 quandoque
233 3498 461 3578 Virginibusvel
485 3501 640 3562 Monachis
663 3501 831 3562 concedunt
852 3499 980 3560 validum

34 3576 267 3650 Matrimonium,
282 3580 456 3660 quandoque
466 3581 510 3641 cis
519 3591 637 3660 negant
665 3581 742 3640 Vide
755 3581 820 3640 hoec
829 3578 917 3639 latius
931 3577 981 3637 de·

33 3655 149 3717 ductad
165 3657 302 3736 Wiggers
316 3659 414 3720 Tract
429 3659 466 3720 de
479 3671 547 3720 voto
560 3679 623 3738 cap.
635 3663 664 3718 4.
678 3659 747 3720 dub.
763 3661 808 3718 17.

66 3735 155 3794 VIII.
170 3735 249 3796 Nota
260 3736 339 3816 qudd
349 3739 468 3798 Patroni
478 3738 580 3818 prioris
595 3739 747 3799 sententiae
757 3757 824 3798 cum
836 3736 865 3796 8.
877 3735 980 3794 Thom.

35 3813 170 3888 doceant,
194 3827 296 3876 votum
311 3817 440 3880 solemne
454 3817 596 3880 castitatis
610 3817 745 3878 dirimere
759 3813 978 3878 Matrimonium
