2246 4096
337 185 380 226 nu
399 129 605 227 ruenniuro.
630 161 632 168 '
913 169 969 226 teu

33 324 109 420 lacti,
119 323 220 384 statim
233 325 329 404 repeti
342 307 472 404 possunt.
512 325 606 385 Juxta
619 343 683 404 cap.
717 323 907 386 “debitores'’
929 326 967 386 de

30 404 348 576 Juidjdidaiiiioamentum
361 483 428 544 fitiae
442 484 550 546 dotutae
564 485 602 545 de
615 483 831 546 renuntiatione
842 483 967 546 haeredi-

34 575 139 735 'militem
155 645 356 728 J’uramentum
368 643 512 737 'servandi
525 653 646 738 paetum
659 643 734 782 lepis
747 643 964 738 commissorias,

31 733 94 860 alleg
110 725 313 800 jmumeusrnn
328 723 460 784 solvendi
473 724 586 786 lucrata
603 743 634 782 rn
652 723 683 782 lu
705 743 723 784 o
747 742 881 801 pecunrae
904 743 967 818 cre·

61 842 570 962 Jdmapreuetasuntvmn
582 887 609 941 a
620 881 802 962 mugram„
815 881 884 961 qua
896 894 967 954 sunt

29 961 62 1018 de
71 961 197 1021 materia
209 963 311 1041 capaci
325 963 501 1042 juramenth
523 962 621 1044 &per
636 963 719 1042 leges
736 981 795 1022 non
815 962 966 1022 irritantur

29 1039 70 1098 illa
90 1043 268 1118 juramenta,
295 1041 375 1116 lieet·
390 1041 595 1124 promissiones
622 1053 675 1102 aut
702 1054 789 1122 pacta
823 1036 967 1122 simplicia

29 1131 107 1198 super
122 1119 236 1180 eisdem
250 1123 337 1182 rebus
351 1121 514 1182 seeundum
527 1121 610 1200 leges
623 1121 683 1181 sint
695 1121 786 1182 irrita.
859 1126 862 1140 “

60 1200 87 1256 Α
99 1199 217 1260 fortiori
230 1201 357 1274 ualidum
372 1213 549 1282 essepotest
566 1205 768 1280 juramentum
789 1201 827 1262 de
837 1253 839 1260 .
848 1202 966 1280 quibus·

30 1277 86 1339 dam
99 1279 190 1340 nudis
203 1280 306 1359 pactis,
320 1285 455 1361 quae'per
468 1283 523 1374 jus,
535 1301 594 1340 non
608 1280 767 1352 irritantur,
782 1282 888 1374 {eff-,5¹⁰
902 1281 966 1360 qui·

27 1361 72 1418 bus
85 1359 272 1434 solummodo
286 1367 411 1439 negetur
423 1372 501 1421 actio
514 1381 545 1418 m
558 1361 622 1428 foro
636 1372 760 1439 externo
774 1361 861 1420 crvssr.
893 1369 896 1378 ’

45 1436 264 1503 ‘Porifonniter
279 1442 480 1520 juramentum
499 1461 556 1500 non
578 1440 736 1500 revocandi
756 1452 967 1501 testamentum

26 1528 65 1575 est
87 1518 228 1591 validum,
255 1520 496 1592 verosimilius&
523 1519 744 1600 obligatorium
767 1519 967 1582 ,licet-‘valide

26 1608 185 1669 revosetur,
204 1599 366 1660 audiretur
380 1599 454 1659 insta
466 1618 538 1659 num
554 1601 619 1658 151.
872 1611 878 1622 ·

59 1678 107 1734 An
123 1679 206 1738 valet
220 1681 422 1756 juramentum
436 1679 550 1760 prodigi
568 1697 658 1760 super
679 1678 855 1740 alienatione
868 1695 967 1760 nepum

26 1758 168 1896 suffiti?-
177 1836 414 1918 Distinguendor
439 1837 464 1898 si
477 1836 610 1919 legitime
624 1837 756 1918 privatus
769 1837 808 1897 sit
828 1837 966 1898 adminis-

25 1915 144 1976 tratione
157 1919 302 1977 bonorum
315 1937 443 1985 suorum,
459 1919 660 1996 iuramentum
681 1920 740 1976 non
758 1917 817 1978 erit
836 1914 965 1992 validum

25 1995 297 2134 arpipgligetorium,
322 1998 400 2058 sicut
412 1995 484 2056 -aliae
500 1995 709 2078 ,dispositiones
732 2000 795 2077 ejus
817 2015 878 2056 non
890 2009 968 2098 'sunt

26 2093 87 2212 vSi
114 2154 146 2214 ei
159 2187 162 2196 ι
175 2173 234 2214 non
261 2155 300 2215 sit
326 2155 485 2216 interdicta
508 2153 711 2234 adrnnistratio
732 2157 883 2228 bonorum,
908 2157 966 2218 hoc

25 2250 85 2291 casu
110 2234 202 2294 sicuti
223 2235 319 2295 valide
340 2236 377 2296 de
393 2235 433 2294 iis
453 2236 541 2295 rebus
565 2235 694 2374 disppnit
714 2253 768 2328 per
787 2247 966 2305 contractus,

24 2311 57 2370 ita
78 2313 182 2373 aalide
207 2333 261 2392 per
283 2317 483 2394 juramentum
509 2314 575 2394 talis
602 2326 741 2376 aenatro
769 2315 965 2386 confirmatur,

24 2392 84 2468 quia
111 2394 240 2454 honesta
263 2407 309 2454 est
332 2395 363 2452 in
386 2394 500 2454 ratione
522 2393 656 2474 justitie,
685 2395 817 2473 quamvis
844 2395 967 2475 prodiga

25 2484 161 2548 respectu
175 2492 316 2551 personae.
675 2485 677 2496 ’
752 2491 755 2498 ’

56 2551 109 2610 Vl.
132 2553 260 2614 Billuert
272 2565 297 2614 t.·
307 2558 336 2612 4.
349 2554 418 2611 350.
434 2553 611 2631 generaliter
631 2553 751 2613 resolvit
767 2557 967 2632 juramentum

23 2631 177 2709 prodigum
198 2653 263 2692 esse
277 2632 454 2701 invalidum
477 2632 566 2711 idque
588 2633 754 2702 credidero,
782 2632 899 2711 quando
920 2644 968 2692 est

21 2713 218 2785 juramentum
238 2732 294 2804 per
320 2731 352 2774 se
376 2723 466 2782 stans,
490 2713 545 2772 sed
567 2713 771 2792 nonquando
797 2723 844 2772 est
868 2732 967 2772 acces·

23 2789 128 2848 surium
156 2791 245 2850 validi
274 2792 463 2861 contractum
497 2792 566 2871 quia
592 2811 606 2852 s
643 2791 743 2930 posito
770 2791 868 2852 valore
900 2811 969 2852 con-

24 2870 143 2939 noctus,
170 2873 233 2948 ejus
254 2871 392 2933 executio
410 2891 468 2930 non
486 2883 534 2931 est
553 2891 642 2950 ampr
665 2872 778 2932 smala
818 2871 879 2932 Alii
892 2891 967 2950 prae·

23 2948 149 3010 tendunt
159 2951 359 3027 juramentum
372 2951 470 3010 valere
483 2971 537 3030 pro
550 2962 644 3030 parte,
660 2951 719 3030 qud
731 2971 758 3010 v.
772 2971 801 3029 g.
813 2949 968 3029 promissio

23 3045 74 3085 non
88 3038 139 3087 est
153 3029 285 3106 prodiga.

25 3185 41 3243 S
55 3108 106 3165 An
117 3110 321 3245 jurarpentum
331 3108 547 3188 promissorium
558 3109 669 3190 obligat
682 3121 784 3169 contra
797 3107 967 3170 mandatum

43 3205 60 3244 u
100 3203 188 3245 rronr
825 3224 828 3228 -
872 3204 876 3213 ¹

54 3205 127 3324 iil.
151 3265 188 3324 R.
208 3265 447 3345 Distinguendo:
468 3267 493 3326 si
519 3267 690 3327 mandatum
707 3268 868 3348 praecedat,
879 3270 966 3350 jura·

22 3356 155 3404 mentum
178 3365 305 3424 sequens
327 3346 490 3406 secundum
513 3367 583 3407 mox
606 3346 694 3418 dicto,
717 3359 764 3407 est
784 3347 919 3412 illicitum
941 3351 967 3405 ἃ

24 3443 74 3483 non
90 3425 237 3504 obligans.

55 3503 87 3563 Si
110 3516 213 3564 autem
235 3507 435 3583 juramentum
460 3505 644 3584 praeeesserit
668 3505 850 3576 mandatum,
878 3506 967 3566 etiam

24 3583 220 3644 obediendum
230 3595 278 3643 est
292 3584 442 3664 Superiori
455 3585 588 3663 legitime
601 3585 793 3666 precipienti,
803 3589 892 3664 juxta
905 3604 970 3666 cap.

23 3663 178 3723 venientes
195 3663 232 3723 de
248 3667 379 3744 jurejura
392 3663 522 3743 obligare
542 3676 644 3726 tamen
655 3675 754 3748 potest
767 3677 836 3726 ante
850 3665 970 3726 manda·

25 3753 82 3804 tum
99 3742 278 3822 Superioris.
308 3772 311 3780 ·
441 3756 444 3767 “
