2256 4090
429 163 470 206 nn
492 161 586 208 voro.
928 149 981 210 lat

70 301 111 362 11.
135 303 222 366 Unus
235 317 336 386 potest
348 306 468 386 obligari
481 325 521 366 ex
537 317 607 364 voto
628 304 748 366 alterius
769 305 840 367 reali
850 311 877 365 a
889 307 985 368 mixto

29 401 82 461 pro
195 384 267 444 reali
280 385 318 445 ad
334 385 527 464 predandam
548 403 612 444 rem
635 385 774 455 debitam,
797 383 983 464 inquantum

29 481 75 522 res
124 483 143 524 a
156 464 264 524 transit
276 464 315 524 ad
328 465 423 544 ipsum
436 485 503 525 cum
517 483 607 524 onere
620 464 679 530 illo.

67 542 119 601 An
137 541 278 622 obligatio
290 545 351 603 voti
364 544 687 604 transitadboeredes?
864 562 867 573 ¹

27 621 226 759 h{diuam
248 623 336 694 dicta,
372 623 510 702 obligatio
550 622 710 702 personalis
740 642 799 682 non
822 624 926 685 transit
945 625 984 685 ad

45 719 87 758 aer
131 721 174 761 es.

65 780 128 839 111.
151 781 214 841 Sed
227 802 266 842 ex
278 795 347 842 voto
360 781 431 841 reali
452 781 617 842 devolvitur
638 781 772 860 quaedam
786 781 930 860 obligatio
944 785 983 843 ad

27 858 185 930 baeredes3
205 862 439 921 nambaereditas
452 862 514 920 siva
530 881 578 920 res
599 861 705 920 transit
728 879 796 920 cum
815 879 904 922 onere
919 883 981 932 suo,

27 937 106 998 sicut
122 959 199 1000 onus
223 953 396 1000 caeterorum
416 941 581 1000 debitorum
602 940 734 1010 realium,
749 940 838 1000 etiam
851 960 890 1000 ex
911 961 979 1020 pro·

27 1016 168 1078 missione
184 1019 246 1078 sola
258 1021 417 1088 testatoris,
431 1020 538 1079 transit
545 1020 584 1079 ad
593 1019 743 1078 haeredes:
764 1030 811 1080 est
822 1031 922 1100 autern
932 1019 981 1081 ilh

27 1096 170 1176 obligatio
185 1099 347 1177 Religionis
360 1104 387 1157 dt
396 1099 519 1178 justitia
532 1099 685 1177 cujusdam
699 1099 729 1160 in
737 1099 855 1158 baerede
868 1100 982 1160 ratione

27 1175 67 1233 rei
89 1189 228 1256 acceptae
251 1198 319 1238 cum
343 1179 394 1238 tali
417 1197 527 1248 onere;
546 1197 614 1237 nam
635 1197 683 1238 res
704 1179 845 1238 obstricta
858 1191 923 1238 erat
943 1199 982 1240 ex

27 1266 104 1345 uoto,
129 1261 157 1313 a
182 1257 329 1318 concurrit
342 1257 431 1334 etiam
445 1257 474 1314 in
484 1257 602 1316 haerede
616 1257 789 1350 implicitum
802 1269 923 1336 pactum
942 1279 980 1318 eo

28 1337 981 1494 ¹⁹t⁰ttt3s2⁶tbttltt⁰mltitttillitu,nr,

26 1493 106 1563 dem,
130 1495 211 1554 sicut
230 1497 357 1574 seipsum
371 1499 408 1556 ab
433 1497 439 1509 '
463 1515 481 1555 o
505 1495 576 1556 reali
600 1495 700 1555 debita
721 1495 846 1555 liberare
859 1517 917 1554 non
930 1517 981 1576 po-

25 1583 107 1641 test;
127 1574 254 1652 proinde
267 1577 361 1635 haeres
384 1589 442 1635 non
463 1575 625 1654 adimplens
646 1574 718 1633 illud
743 1574 831 1644 reale,
846 1576 981 1653 peccabit

1 1727 2 1730 Ἴ
25 1663 132 1712 contm
148 1653 335 1733 Religionem
348 1660 374 1713 dl
384 1654 539 1733 justitiam.

1 1737 2 1744 ’
61 1731 150 1792 Hinc
165 1735 278 1794 resolve
300 1753 400 1794 casum
422 1747 612 1813 sequentem:
639 1733 778 1793 Testator
798 1746 918 1794 voverat
937 1735 982 1793 in-

25 1809 156 1872 stituere
184 1813 449 1892 peregrinationem
470 1814 510 1872 ad
533 1814 564 1874 S.
573 1813 699 1872 Mariam
722 1813 980 1891 Aspricollensem,

25 1889 200 1971 ibidemque
227 1893 336 1954 donare
360 1893 524 1972 lampadem
558 1903 746 1971 argenteam:
781 1893 920 1970 qtmritm
943 1895 981 1954 ad

25 1969 96 2045 quid
110 1981 253 2030 tencatur
266 1973 383 2032 haeres?

61 2049 117 2108 IV.
143 2049 183 2107 R.
205 2051 338 2112 Tenetur
374 2053 468 2112 baares
499 2052 569 2110 dare
599 2049 774 2130 lampadem,
812 2052 980 2131 peregrina·

25 2127 139 2186 tionem
169 2129 242 2188 verb
269 2142 408 2210 praestare
429 2151 487 2190 non
509 2131 608 2200 debet,
630 2151 668 2190 ne
693 2130 813 2209 quidem
834 2151 980 2210 expensas

24 2206 152 2278 itineris,
180 2227 254 2286 quas
268 2221 392 2270 testator
413 2209 553 2278 fecisset3
580 2209 649 2288 quia
670 2229 807 2288 expensa
827 2207 884 2270 illae
911 2222 980 2270 sunt

23 2287 100 2363 quid
106 2289 308 2348 accessorium
321 2299 459 2368 respectu
472 2290 532 2349 voti
548 2289 709 2368 personalis
723 2289 980 2367 peregrinationis;

25 2377 167 2426 cessante
181 2379 281 2428 autem
295 2369 447 2447 principmi
461 2379 558 2428 cessat
571 2369 645 2446 pure
658 2367 862 2428 accessorium.

1 2481 2 2504 t
63 2437 103 2506 V.
113 2446 185 2506 Nec
195 2449 292 2508 obstat
301 2448 478 2528 Capitulum,
493 2455 512 2486 ‘⁴
521 2446 608 2513 Quod
619 2467 654 2508 su
692 2446 788 2516 rhis,”
810 2448 888 2513 Quia
899 2451 978 2528 Papa

1 2517 2 2540 ¹
21 2525 135 2585 ibidem
151 2545 212 2584 non
225 2526 435 2607 interpretatur
447 2527 507 2586 voti
522 2527 605 2586 istius
614 2528 651 2586 ob
663 2526 830 2605 igationem,
844 2529 898 2587 aed
907 2529 979 2586 illud

23 2615 193 2664 commutat
206 2605 236 2663 in
251 2627 340 2668 onera
352 2606 450 2667 realia.
813 2611 815 2616 ’

61 2685 118 2742 VI.
142 2685 225 2750 Quid
238 2686 263 2746 si
277 2697 399 2760 testator
413 2687 443 2746 in
464 2688 542 2746 lecto
565 2687 666 2746 monis
690 2685 872 2746 mandaverit
885 2687 977 2747 hara·

1 2783 2 2840 j
24 2763 121 2833 dibus,
137 2775 173 2824 ut
186 2765 353 2843 persolvant
365 2766 511 2826 orationes
525 2771 550 2824 a
566 2763 825 2845 peregrinationes,
840 2785 912 2844 quas
927 2766 977 2826 de

24 2843 116 2902 bebat
130 2863 170 2903 ex
185 2855 254 2904 voto
268 2845 420 2924 personali,
435 2845 618 2905 an'baeredes
633 2844 818 2922 obligantur?
846 2858 849 2869 ·

61 2922 102 2980 R.
127 2922 159 2981 Si
173 2923 307 2984 haeredes
330 2925 556 3004 acceptaverint,
579 2924 744 3003 obligantur
766 2923 918 3000 evidenter
938 2943 974 2984 ex

1 2999 194 3061 :fidelitates
214 3007 240 3060 dc
253 3006 392 3081 probatur
404 3023 444 3064 ex
458 3020 521 3083 cap.
536 3005 600 3061 licet
612 3004 650 3062 de
664 3015 741 3062 voto.
788 3039 791 3043 -
827 3019 830 3028 ’

1 3105 2 3128 i
62 3081 96 3138 Si
111 3099 172 3140 non
184 3083 410 3160 acceptaverint,
432 3103 490 3142 non
514 3083 687 3160 obligantur,
711 3082 767 3141 nisi
791 3081 820 3139 in
835 3082 975 3160 quantum

1 3131 2 3212 i
22 3160 153 3220 moriens
162 3167 281 3238 poterat
291 3181 341 3222 eos
349 3163 488 3222 mandato
500 3181 552 3222 suo
565 3162 671 3242 (etiam
685 3171 770 3221 extra
783 3179 883 3222 casnm
897 3161 975 3241 voti)

21 3239 156 3317 obligare
180 3238 214 3298 in'
232 3241 354 3302 materia
377 3241 426 3301 illa
448 3252 516 3320 post
538 3251 672 3300 mortem.
711 3240 787 3300 Item
808 3241 976 3318 altestatur

21 3320 75 3377 sub
91 3337 130 3378 ea
143 3319 314 3380 conditione
327 3321 479 3400 reliquerit
491 3320 693 3380 haereditatem
705 3320 907 3391 voluntariam,
916 3339 975 3380 non

23 3397 234 3536 ffipesslariam,
256 3399 349 3462 hares
363 3420 428 3462 eam
449 3412 607 3479 acceptans
634 3410 753 3460 tenetur
776 3400 972 3462 conditionem

67 3497 123 3557 mp
134 3497 197 3539 ere.
