2254 4072
455 132 562 174 runux.
921 118 977 174 421

8 211 106 254 nun.
904 213 977 254 rac.
1045 211 1048 224 ¹

4 273 80 330 285
104 272 225 349 Septem
241 271 356 348 species
370 272 503 339 luxrlrioe,
919 276 978 334 368

4 350 80 409 286
102 350 269 412 Fornicatio
291 361 338 410 est
362 361 518 429 peccatum
532 349 655 410 mortale
669 353 773 428 &jure
787 361 901 410 naturae

141 429 619 508 prohibita...
921 435 980 491 368

104 509 193 569 Ratio
209 509 240 567 S
253 477 375 570 Thone
389 520 436 568 est
449 507 605 577 sufficiens,
921 513 982 570 360

104 587 307 666 Objectiones,
943 591 982 649 ib.

7 667 80 724 287
106 667 247 745 Stuprum
261 679 309 726 est
322 665 466 727 illicita
439 665 559 743 vaginis
573 628 736 734 delloratio,
863 671 980 727 ..370

103 748 154 806 Au
178 744 614 822 circumstantiabirgiuitatis'
606 766 636 802 ιιι
650 744 835 808 confessione
850 765 902 806 ex-

142 823 305 902 primenda,
941 827 980 886 ib.

106 903 264 981 Utrimque
277 914 452 982 argumenta
465 914 677 982 proponuntur,
864 907 981 964 ...372

103 982 240 1042 Praetica
253 984 393 1042 resolutio
408 1003 447 1042 ex
463 983 580 1050 Suarez,
594 985 620 1039 δι
634 981 895 1052 methodus,
942 985 981 1044 ib.

105 1061 337 1122 Circumstantio
350 1081 449 1140 sponsr
441 1061 584 1120 alterius
598 1072 644 1120 est
657 1061 762 1138 gravis,
867 1064 981 1122 3....73

12 1141 82 1198 288
107 1139 223 1217 Raptus
237 1141 403 1218 explicatur
417 1145 443 1198 dr
457 1139 647 1231 distinguitur
660 1141 697 1198 ab
711 1139 784 1208 aliie,
943 1143 982 1202 ib.

13 1221 82 1276 289
108 1219 298 1278 Adulterium
313 1218 473 1311 tripliciter
482 1218 686 1287 committitur,
865 1222 983 1282 ...374

109 1299 279 1358 Consensus
292 1298 391 1357 mariti
405 1309 452 1361 est
465 1297 619 1366 invalidus,
633 1302 659 1354 dr
673 1317 731 1356 non
746 1309 879 1392 excusat,
924 1301 983 1358 375

108 1377 250 1436 Continet
263 1377 388 1440 malitias
404 1386 507 1438 contra
517 1375 685 1439 castitatem
696 1381 721 1434 dr
732 1380 905 1455 coutrajus·

149 1453 253 1526 titiam,
871 1501 904 1516 ...
946 1457 985 1518 ib.

19 1536 84 1592 290
109 1533 254 1602 incestus,
274 1535 390 1596 scilicet
404 1553 470 1594 curn
486 1521 702 1611 consanguinea
716 1533 763 1594 val
778 1534 884 1594 affine
877 1555 907 1594 m

148 1613 286 1690 gradibus
295 1613 465 1748 tprohibitis,
870 1657 902 1673 ...
948 1615 986 1674 ib.

111 1691 262 1760 Continet,
276 1711 293 1750 a
328 1712 434 1760 minua,
448 1691 521 1750 duas
535 1690 670 1759 malitias,
689 1695 714 1748 dr
728 1701 831 1752 contra
844 1711 908 1751 cas·

124 1769 275 1836 ritatem,
287 1775 312 1828 dr
323 1782 427 1830 contra
434 1769 576 1847 pietatem
587 1769 908 1830 sivehonorificeutiam

150 1847 193 1907 eis
208 1849 348 1917 debitam,
872 1895 904 1910 ...
950 1850 989 1910 ib.

112 1925 183 1986 Huc
210 1927 338 1986 refertur
365 1927 567 2006 propinquitas
593 1947 633 1986 ex
661 1927 778 2005 publica
804 1929 908 1987 hones·
988 1947 991 1956 ’

153 2016 223 2076 tate,
237 2011 263 2064 dr
277 2028 316 2066 ex
330 2007 505 2084 cognatione
520 2006 673 2083 spirituali,
951 2008 990 2068 ib.

112 2085 274 2144 Peccatum
300 2086 478 2146 Confessarii
501 2105 568 2145 curn
587 2085 761 2162 poenitente,
778 2085 824 2145 vel
839 2087 909 2145 Pas·

152 2163 223 2222 toris
238 2185 306 2223 cum
321 2164 507 2255 parochianis
521 2163 738 2240 explicandum,
930 2167 989 2223 376

113 2241 243 2302 Peccata
277 2241 373 2302 carnis
403 2243 632 2322 propinquorum
669 2243 747 2302 inter
782 2243 910 2302 eundem

152 2340 257 2380 sexum
271 2323 330 2381 huc
344 2321 535 2389 reducuntur,
898 2323 990 2384 .ib.

28 2403 89 2459 291
114 2399 306 2478 Sacrilegrum
316 2401 433 2460 carnale
447 2411 495 2459 est
504 2399 626 2476 triplex
637 2400 797 2477 personale,
808 2367 910 2469 locale,

154 2480 281 2548 &reale
953 2480 991 2540 ib.

114 2558 215 2620 Locus
230 2577 313 2618 sacer
326 2559 376 2618 hic
390 2557 493 2618 stricte
507 2523 653 2633 accipitur
667 2577 719 2634 pro
733 2557 899 2625 benedicto,
953 2560 991 2619 ib.

116 2637 245 2696 Peccata
257 2639 339 2697 mere
354 2638 469 2697 interna
483 2657 541 2696 non
555 2635 730 2700 contrabant
744 2635 913 2698 malitiam&
1064 2635 1069 2642 '

153 2715 226 2785 loco,
242 2717 295 2775 sed
308 2729 433 2776 externa
447 2716 551 2776 saltem
565 2725 775 2783 consummata,
932 2719 990 2778 377

32 2797 94 2854 292
117 2795 277 2854 Peccatum
292 2807 395 2856 contra
413 2806 557 2860 naturam,
932 2796 992 2854 378

116 2872 657 2951 Ejussunt5specie8,sive5modi,
875 2919 907 2944 .,.
954 2875 993 2934 ib.

34 2955 96 3011 293
118 2952 288 3012 Bestialitaa
302 2958 328 3010 dr
342 2973 517 3030 congressus
531 2971 598 3011 cum
613 2952 754 3019 daemone,
934 2955 992 3010 379

34 3033 97 3090 294
119 3031 637 3108 Sodomiaperfecta&imperfecta,
955 3031 994 3104 ib.

35 3113 95 3168 295
117 3109 499 3179 Moduscontranaturam,
934 3113 994 3168 380

37 3191 95 3247 296
119 3189 460 3258 Pollutiodrdistillatio,
956 3190 994 3248 ib.

117 3267 289 3327 Pollutioin
305 3288 415 3336 somno,
936 3269 992 3326 381

39 3349 94 3405 297
119 3347 239 3414 Oscula,
254 3359 393 3424 aspectus
407 3352 433 3404 dr
449 3357 546 3406 tactus
561 3312 716 3412 libidinosi,
936 3348 995 3405 382

118 3426 394 3504 Quaepossintdici
410 3424 669 3492 osculaamicitiae,
957 3425 996 3484 ib.

121 3505 233 3564 Oscula
248 3505 412 3574 infantium,
937 3507 996 3562 383

123 3585 275 3663 Aspcetus
285 3585 467 3664 picturarum
484 3584 704 3662 impudicarum,
959 3583 997 3644 ib.
