2236 4084
120 161 165 227 aa
487 167 528 232 nn
548 173 691 220 vrorum
759 231 763 247 f

161 309 215 378 IV.
237 317 275 378 1⁰.
288 313 436 378 Pracellit
456 321 474 352 ¹⁸
487 315 690 388 authoritate,’'
711 313 781 395 quia
792 315 960 377 Authorem
972 313 1068 377 habet

121 397 273 492 Oluistum
287 395 448 458 Dominum
461 393 570 467 Deum,
584 395 635 474 qui
648 415 713 456 eam
728 395 898 456 condidit&
912 395 1065 474 prascrip-

120 490 197 616 Slt⁸V.
209 475 484 623 wiligildo&
505 551 574 633 quia
592 547 694 632 paucis
720 553 817 614 verbis
842 553 940 614 omnia
965 551 1068 615 dDeo

122 635 252 716 petendo
264 633 479 713 complectitur.
517 631 600 694 Hinc
623 633 653 693 S.
676 635 755 711 Aug.
766 632 855 694 dicit:
877 633 930 692 “si
943 634 1025 696 recte
1040 637 1068 690 ἃ

119 725 319 794 congruenter
345 731 469 784 oramus,
489 711 562 770 nihil
588 711 668 772 aliud
686 711 785 780 dicore
798 732 962 790 possumus,
971 714 1068 854 pudor

122 795 201 875 quod
227 791 258 850 in
280 793 337 852 ista
362 789 504 852 Oratione
528 789 684 852 Dominice
708 792 836 870 positum
860 792 930 852 eat.”
993 791 1069 852 imul

119 875 212 936 etiam
226 872 318 932 oratio
328 871 389 932 ista
401 871 498 940 docet,
511 871 582 950 quid
594 891 692 950 agere,
706 871 777 950 quid
788 871 902 950 fugere,
917 871 988 952 quid
1001 891 1069 932 cre-

120 945 203 1024 dere,
216 949 288 1030 quid
313 971 410 1012 amare
430 949 605 1020 debeamus3
625 962 660 1010 ut
685 962 842 1029 propterea
864 949 1070 1013 Tertullianus

121 1053 189 1095 eam
202 1041 291 1092 vocet
314 1025 515 1089 “breviarium
530 1030 621 1089 totius
634 1029 811 1108 Evangelii!

162 1113 215 1174 vt.
234 1113 276 1170 8⁰.
295 1108 426 1173 Excellit
446 1115 464 1145 “
473 1108 576 1170 ordine
586 1109 615 1178 ;''*
629 1109 698 1188 quia
710 1107 952 1188 omniapetuntur
961 1107 1069 1188 ordine

122 1191 188 1264 isto,
209 1209 266 1269 quo
280 1187 475 1248 desiderando
487 1199 569 1248 sunt:
590 1209 657 1250 nam
677 1199 747 1248 ante
766 1188 863 1249 omnia
877 1189 991 1268 petitur
1004 1187 1071 1267 glo-

122 1271 167 1332 ria
189 1269 257 1340 Dei,
280 1279 390 1328 mtema
416 1280 625 1348 praeponuntur
648 1267 867 1346 temporalibus.
917 1267 1070 1328 Decorem

123 1351 210 1430 hujus
224 1347 333 1408 ordinis
347 1347 454 1407 decoro
473 1345 626 1408 ratiocinio
646 1347 768 1407 deducit
780 1368 833 1426 per
847 1347 975 1426 singulas
989 1349 1072 1427 peti-

123 1431 219 1492 tiones
233 1429 263 1490 S.
276 1427 403 1486 Thomas
413 1427 463 1487 hic
476 1439 578 1506 quast.
590 1430 638 1488 83.
650 1437 706 1487 art.
718 1428 746 1484 9.
761 1427 791 1486 in
805 1447 868 1506 cap.

162 1507 233 1570 VII.
252 1511 295 1566 4⁰.
314 1513 332 1543 ⁴⁴
345 1505 515 1577 Efficacidi’
536 1507 605 1586 quia
623 1505 733 1567 utimur
742 1507 840 1566 verbis
850 1506 941 1586 ipsius
951 1503 1069 1579 Christi

124 1587 202 1650 Dei:
215 1589 340 1650 verbum
353 1597 454 1646 autem
470 1587 531 1646 Dei
544 1598 591 1649 est
604 1586 843 1656 efficacissimum,
864 1585 942 1664 quod
958 1587 1071 1664 utique

123 1669 203 1729 valet
216 1663 372 1746 plurimdm
387 1686 447 1744 proe
459 1669 549 1728 verbo
569 1685 741 1746 quocunque
755 1665 896 1726 humano:
918 1683 986 1726 nam
1000 1686 1071 1726 ver·

121 1749 193 1808 bum
227 1745 356 1826 roprium
370 1745 429 1806 Dei
443 1766 502 1806 non
514 1757 614 1825 potest
627 1745 694 1806 Deo
709 1765 767 1804 non
781 1765 846 1804 esse
859 1755 986 1824 gratum.

161 1767 250 1885 vlit.
270 1829 312 1883 5⁰.
331 1833 349 1862 ‘⁴
362 1824 563 1886 Necessitate”
585 1821 688 1885 oratio
709 1823 865 1884 Dominica
877 1825 1073 1903 anteponitur

122 1905 195 1977 aliis,
209 1905 278 1982 quia
291 1923 356 1963 eam
369 1923 470 1964 omnes
484 1905 569 1976 scire,
584 1904 701 1964 &omni
712 1903 761 1963 die
770 1904 896 1963 recitare
907 1913 1073 1973 tenentur;

121 1985 192 2046 hinc
207 1983 328 2047 Catech.
342 1983 423 2043 Trid
436 2003 464 2062 p.
478 1989 506 2043 4.
519 1985 655 2062 adpetit
668 1987 696 2042 4.
709 2003 739 2040 n.
752 1985 799 2041 32.
813 1983 899 2042 dtcitz
922 1981 974 2042 IX.
994 2003 1072 2062 quo·

121 2065 196 2126 tidie
210 2063 367 2123 Dominicd
379 2064 549 2142 precatione
562 2061 683 2142 singulis
697 2063 840 2122 utendum
857 2073 920 2122 est:
940 2067 966 2121 ἃ
984 2064 1072 2144 apud

123 2145 308 2205 Clementem
321 2143 371 2202 lib.
385 2147 412 2201 7.
426 2143 552 2203 Constit.
564 2146 611 2201 25.
624 2143 741 2218 legitur,
763 2154 808 2202 ter
821 2140 951 2220 quotidie
965 2141 1072 2202 dieen-

122 2224 190 2284 dam
205 2242 279 2283 esse.
320 2220 394 2281 lnde
414 2223 565 2284 concludit
584 2222 605 2282 S
626 2223 710 2291 luins,
724 2223 802 2300 quod
815 2221 865 2291 illi,
880 2222 929 2298 qui
944 2241 983 2280 ex
996 2241 1073 2282 con-

123 2314 239 2382 temptu
252 2300 300 2362 vel
313 2301 418 2379 supini
437 2242 626 2380 negligentid
636 2301 808 2362 Orationem
823 2299 1008 2363 Dominioam
1023 2303 1073 2380 ig-

104 2413 107 2422 =
122 2394 236 2452 noram,
251 2380 367 2460 peccati
379 2381 510 2440 mortalia
523 2392 640 2442 reatum
652 2400 710 2440 non
724 2381 883 2460 effugiant:
910 2389 928 2418 “
937 2381 1071 2451 nescio.”

122 2463 165 2524 ait
179 2462 302 2600 S.dAug.
316 2459 409 2520 Serm.
421 2461 480 2520 215
494 2461 532 2522 de
546 2472 644 2540 temp„
666 2470 684 2500 ‘⁴
696 2463 754 2540 qud
766 2461 863 2522 fronte
877 2480 910 2520 se
924 2459 1073 2540 Christiaf

122 2561 193 2602 num
228 2537 312 2602 icat?
973 2601 977 2608 .

162 2621 199 2682 X.
219 2623 259 2680 6⁰.
280 2617 427 2680 Pracellit
449 2619 554 2680 Oratio
575 2620 731 2682 Dominica
752 2641 791 2682 ex
815 2639 859 2691 eo,
887 2621 965 2698 quod
988 2622 1075 2683 ultra

121 2699 272 2778 religionis
292 2710 376 2758 actus
390 2699 542 2760 contineat
563 2701 768 2761 “exercitium
781 2701 995 2780 praecipuarum
1009 2702 1072 2759 vir-

124 2788 142 2818 “
155 2777 278 2849 tutum,”
298 2777 376 2847 fidei,
400 2797 415 2837 s
437 2779 643 2850 eicharitatia‚
667 2779 851 2850 humilitatis,
879 2781 1071 2851 obedientie,

123 2858 306 2938 poenitentioe
318 2861 345 2916 e
357 2875 395 2936 pe
441 2871 498 2918 ctm
508 2858 744 2919 corrl'ormationis
756 2859 916 2918 voluntatis
929 2861 1071 2922 humanas
1091 2895 1098 2924 t

123 2959 192 2999 cum
205 2939 357 2998 voluntate
377 2937 488 2998 divini:
509 2951 593 3000 actus
615 2937 685 2998 fidei
705 2938 873 2999 continetur
891 2939 938 2998 his
952 2943 1071 3001 verbis:

123 3027 143 3064 ‘-‘
155 3019 245 3078 Pater
257 3029 366 3088 noster,
380 3017 430 3094 qui
443 3038 475 3077 ea
488 3019 519 3076 ln
533 3018 654 3086 coelist’
675 3028 759 3077 actus
780 3019 931 3078 charitatis
945 3019 975 3077 in
990 3020 1070 3080 illis:
1096 3029 1097 3036 ’

125 3096 364 3158 “Sanctificetur
383 3097 499 3158 Nomen
519 3098 635 3166 tuum;”
656 3106 740 3158 actus
754 3099 816 3176 spei
834 3098 864 3155 in
884 3098 962 3157 istis:
985 3108 1004 3136 “
1017 3101 1071 3160 ad·
1095 3145 1096 3157 ,

126 3177 255 3237 “veniat
269 3177 406 3257 Regnum
420 3189 504 3238 tuum
516 3177 539 3249 ;''
559 3183 585 3236 dr
597 3177 628 3238 in
642 3177 760 3256 reliquia
774 3178 974 3258 petitionibus.
