2254 4072
433 168 475 211 ns
488 168 651 214 *nuruum
955 153 1013 210 867
1096 142 1100 150 ’

53 306 235 379 sensibilem,
251 327 316 388 quae
330 327 369 370 ex
383 311 483 371 osculo
496 311 597 381 oritur,
613 309 728 371 secluso
741 306 874 388 periculo
887 328 1009 371 consen-

56 387 108 445 sus
124 387 271 448 ulterIoris
285 391 311 446 ἀ
324 389 530 468 pdllutionis.”'
552 409 561 444 ¹.
736 415 751 444 a
795 415 799 422 ·
870 413 872 422 ¹

98 465 210 528 Peccat
230 469 294 528 haec
307 469 468 548 propositio
491 469 521 528 iu
535 489 579 538 eo,
604 467 685 548 qudtl
697 480 787 548 ponat
809 467 1009 528 conditionem
1039 533 1041 540 ,

54 545 206 607 moraliter
214 547 254 606 im
294 547 588 618 esibilemsnamilla
601 548 759 608 delectatio
768 547 929 608 deliberata
939 567 1008 608 con·

53 625 135 685 tinet
196 625 320 687 ricuum
346 627 512 708 proximum
535 627 714 689 consensus:
742 627 784 687 ita
812 627 1007 707 Steyacrtius.

54 705 154 765 Addit
219 707 315 766 ‘Croix
328 707 384 767 lin*
398 710 426 766 8.
449 728 478 786 p.
493 709 529 766 al.
552 709 669 777 ussa,
683 707 764 766 illam
778 707 1006 785 propositionem

52 784 204 846 excedere
217 785 248 844 in
262 805 307 856 eo,
322 785 401 866 qudd
415 786 592 866 generaliter
604 787 741 865 loquatur
752 786 842 846 etiarn
857 786 896 846 de
909 787 1007 862 delec-

55 863 169 924 tatione
182 885 311 926 venerea
323 866 437 926 directe
450 866 542 926 volita·
552 887 621 926 cum
634 885 779 926 consensu
792 865 823 924 in
835 865 926 926 illam.

94 943 149 1002 VI.
163 944 287 1004 Dictum
301 957 418 1006 estnon
433 945 496 1006 dari
509 946 603 1006 levem
617 945 770 1006 materiam
784 943 813 1004 in
833 965 865 1006 re
879 964 1007 1006 venerea

55 1021 172 1084 directe
186 1025 233 1084 vel
246 1025 276 1083 in
290 1045 322 1086 se
334 1026 434 1096 volita,
458 1023 529 1104 quin
540 1024 625 1084 multi
638 1025 769 1086 materias
789 1025 941 1087 levitatem
954 1027 1007 1085 ad-

53 1101 180 1164 mittunt
188 1103 223 1162 in
237 1104 294 1174 illa,
317 1125 382 1184 quoe
395 1105 540 1166 indirecte
561 1105 656 1164 solum
670 1115 885 1164 censeturesse
899 1105 1006 1174 volita;

53 1181 126 1243 dum
140 1182 256 1244 scilicet
268 1203 307 1244 ex
321 1203 410 1246 causa
422 1204 481 1245 non
494 1184 625 1262 graviter
642 1181 721 1242 mala
739 1183 913 1244 exoriuntur
925 1201 1004 1262 quar·

56 1261 124 1320 dam
137 1261 219 1322 leves
244 1263 339 1323 carnis
353 1263 573 1333 commotiones,
596 1262 702 1341 quibus
725 1263 863 1322 voluntas
876 1263 1006 1329 resistit;

54 1340 111 1400 sed
123 1341 173 1402 alii
186 1341 239 1401 has
247 1343 460 1404 commotiones
469 1349 614 1404 excusant
622 1342 643 1402 a
653 1341 769 1402 mortali
783 1343 820 1401 ob
828 1341 1006 1402 insufficiens

56 1419 264 1491 voluntarium,
279 1423 317 1482 de
331 1443 389 1502 quo
403 1423 481 1483 alibi.
806 1425 811 1434 '

93 1499 163 1579 Obj.
186 1501 269 1560 Inter
292 1505 433 1582 conjuges
456 1501 622 1562 admittitur
643 1501 749 1562 levitas
770 1501 901 1562 materiae
923 1501 954 1559 in
973 1521 1006 1561 re

50 1597 198 1650 venerea3
212 1600 283 1658 ergo
292 1581 381 1640 etiam
395 1581 472 1662 inter
487 1583 596 1642 solutos
605 1581 724 1641 admitti
733 1582 831 1651 debet,
846 1581 914 1660 quia
924 1589 1005 1640 utro·

49 1657 142 1736 bique
156 1659 304 1720 invenitur
318 1679 370 1738 par
380 1661 544 1740 periculum
558 1662 718 1721 consensus
732 1660 887 1721 ulterioris.
971 1690 975 1714 ι

92 1737 162 1798 VII.
177 1739 221 1798 R:
230 1739 372 1800 Concedo
385 1752 445 1800 ant.
459 1746 484 1800 δι
498 1761 574 1820 nego
588 1759 669 1801 cons.
684 1740 840 1818 disparitas
854 1751 911 1808 est,
926 1737 1006 1817 qudd

50 1816 223 1897 principalis
246 1829 331 1880 actus
354 1819 416 1880 sive
438 1821 543 1899 copule
561 1820 684 1880 carnalis
697 1821 746 1879 sit
764 1820 840 1879 iuter
864 1821 1004 1897 conjuges

51 1895 144 1967 licita,
168 1903 195 1956 dr
217 1898 284 1958 ideo
296 1919 400 1958 eorum
423 1899 582 1959 delectatio
594 1919 721 1960 venerea
739 1898 872 1958 continet
887 1897 1004 1978 quidem

50 1976 239 2036 occasionem
253 1979 414 2038 consensus
423 1979 579 2048 ulterioris,
591 1980 645 2039 sed
658 1979 741 2038 dere
755 1979 896 2049 intereos
910 1997 963 2056 per
972 1997 1004 2037 se

49 2053 153 2124 licita;
174 2057 277 2116 verum
292 2058 451 2119 delectatio
468 2078 595 2119 venerea
607 2057 684 2118 inter
698 2077 837 2137 personas
850 2057 921 2118 alias
936 2075 1005 2117 con·

49 2133 130 2194 tinet
163 2137 326 2215 periculum
354 2137 416 2197 riva
443 2137 627 2198 occasionem
654 2137 816 2216 proximam
845 2138 1006 2196 consensus

49 2213 201 2274 ulterioris
214 2215 258 2276 rei
272 2216 381 2277 illicitae
395 2221 421 2274 a
434 2217 596 2276 mortaliter
606 2217 700 2274 malae.

91 2294 177 2353 VIII.
192 2295 325 2356 Observa
337 2296 456 2357 interim
469 2299 556 2365 bene,
571 2295 650 2374 qudd
663 2295 767 2354 similis
782 2295 941 2356 delectatio
954 2315 1003 2354 ve-

48 2391 144 2434 nerea
156 2393 287 2452 personae
297 2375 482 2435 matrimonio
492 2378 604 2454 junctae
615 2386 759 2453 concepta
767 2375 804 2434 de
815 2375 871 2434 alia
881 2395 1016 2453 persona*
1063 2395 1071 2418 ,

47 2452 66 2510 ai
85 2455 211 2532 conjuge
236 2454 383 2524 distincta,
406 2456 454 2514 vel
468 2456 506 2515 de
519 2455 577 2514 alio
590 2456 716 2534 objecto,
739 2454 1005 2516 non'excuseturd

47 2533 168 2594 mortali
181 2536 218 2594 ob
232 2533 363 2594 materiae
376 2535 536 2604 levitatem,
560 2533 628 2614 qula
641 2536 789 2612 objectum
807 2533 891 2592 istius
902 2533 1004 2608 'delec-

47 2612 172 2672 tationis
186 2613 563 2674 estemtmmatrimoniale..

91 2689 148 2750 IX.
162 2693 295 2753 Observa
309 2690 449 2763 secundd,
474 2692 554 2773 qudd
568 2693 727 2753 delectatio
740 2711 866 2752 venerea
890 2693 1005 2769 etiamsi

49 2769 133 2832 circa
145 2773 292 2850 proprIam
302 2775 467 2866 conjugem,
481 2772 506 2832 si
514 2773 636 2833 inducat
649 2773 811 2852 periculum
822 2773 931 2832 morale
943 2773 1005 2832 sive

48 2849 248 2930 propinquum
258 2853 436 2931 pollutionis,
452 2853 531 2932 quod
544 2853 648 2912 evitari
661 2871 719 2911 non
730 2863 829 2930 potest
839 2871 892 2930 per
905 2863 1005 2912 actum

48 2931 237 3008 coniugalem
251 2931 385 3010 proxime
399 2953 431 2992 se
453 2943 582 3002 nentem,
606 2932 644 2992 ed
658 2931 739 3012 qudd
751 2953 779 2990 v.
800 2951 829 3010 g.
843 2934 952 3010 conjux
966 2931 1005 2992 sit

48 3011 169 3146 abstine,
205 3029 244 3070 ex
275 3028 311 3071 eo
346 3012 410 3090 peri
459 3031 476 3070 o
511 3011 667 3072 contrahat
701 3012 817 3090 culpam
851 3011 1005 3071 mortalem

49 3089 212 3166 dupicem.

92 3169 131 3227 X.
146 3169 281 3230 Observa
290 3169 418 3250 darique
427 3169 646 3231 distinctionem
657 3169 862 3230 delectationis
872 3188 1006 3230 venereae

49 3245 68 3306 ὲ
85 3247 285 3310 delectatione
299 3250 443 3310 sensualis
466 3269 594 3311 venerea
607 3249 685 3311 enirn
699 3262 753 3320 est,
778 3269 842 3328 quae
856 3249 948 3309 oritur
968 3271 1008 3310 ex

52 3329 251 3389 commotione
266 3329 421 3409 spirituum
433 3330 619 3409 generationi
633 3328 887 3398 subservientium,
901 3334 927 3387 δι
941 3349 1008 3389 sen-

53 3405 130 3466 titur
143 3407 224 3468 oirca
236 3412 335 3488 partes
358 3407 512 3488 pudendas
522 3431 533 3490 ²,
554 3409 696 3470 sensualis
710 3409 869 3469 delectatio
883 3419 929 3469 est
943 3428 1009 3487 quae

53 3486 149 3546 oritur
164 3506 202 3546 ex
211 3488 400 3566 proportione
414 3489 522 3568 objecti
536 3489 709 3549 adsensus:
721 3507 749 3546 v.
762 3488 959 3566 gadelectatio
970 3507 1009 3548 ex

53 3577 146 3643 gustu
161 3567 220 3626 cibi
234 3567 337 3645 sapidi,
361 3587 400 3628 ex
414 3580 497 3628 tactu
510 3569 554 3629 rei
567 3568 671 3638 mollis,
694 3573 746 3628 &o
760 3568 791 3626 in
815 3567 920 3646 quibus
934 3568 1010 3628 solet

52 3645 174 3705 admitti
197 3645 302 3706 levitas
327 3648 476 3707 materias
500 3658 704 3708 verumtamen
724 3647 897 3706 sensualitas
911 3649 1010 3707 tactus

50 3725 149 3803 magis
173 3724 306 3806 disponit
315 3727 355 3786 ad
377 3725 604 3788 delectationem
627 3745 793 3796 veneream,
815 3729 843 3784 a
856 3727 899 3785 ita
913 3738 988 3786 tactu·

52 3805 202 3866 sensualis
216 3827 244 3868 v,
258 3825 287 3885 g.
300 3808 406 3866 menits
428 3818 480 3867 aut
493 3807 580 3868 faciei
594 3805 729 3866 femineae
744 3805 907 3884 periculum
921 3807 972 3866 hai

48 3903 103 3961 pro
121 3896 247 3964 utraque
257 3905 390 3966 persona.
