2254 4072
382 199 425 244 na
445 197 645 242 vrusurruus
930 185 989 244 390

36 339 360 424 praenuntiat:“Multi
369 340 470 402 dicent
479 339 650 400 mihiinilla
660 338 726 402 die:
747 339 883 414 Domine,
894 361 991 406 nonne

36 425 67 484 in
89 421 208 482 nomine
228 433 280 482 tuo
301 419 548 502 prophetavimus,
567 425 593 478 ἃ
610 419 641 479 in
662 417 779 482 nomine
794 433 845 484 tuo
866 421 990 485 virtutes

37 503 148 564 multas
161 501 286 563 fecimus
296 499 328 562 ?’‘

77 579 238 660 Nunquam
253 593 351 640 tamen
366 579 473 640 dantur
494 577 523 638 in
538 577 788 640 confirmationem
802 582 916 653 erroris,
940 595 992 646 aut

37 661 120 720 falsae
134 661 183 721 vel
197 659 342 720 simulata
356 657 529 730 sanctitatis,
550 659 619 720 edm
633 657 806 737 proveniant
818 681 857 721 ex
871 661 992 742 speciali

34 745 60 800 dr
75 740 192 801 directa
204 740 334 800 motione
347 738 416 800 Dei.
554 787 557 794 .

76 817 137 878 III.
162 820 193 880 S.
217 819 273 880 Th.
294 823 474 880 recenset&
498 817 629 898 explicat
651 815 761 896 gratias
784 819 876 899 gratis
898 819 991 898 datas,

35 899 165 969 scilicet,
179 897 375 980 prophetiam,
389 909 515 978 raptum,
529 897 655 978 gratiam
668 896 842 990 linguarum,
866 901 992 978 gratiam

35 979 228 1050 sermonis&
241 978 365 1058 gratiam
379 977 596 1046 miraculorum,
610 977 665 1036 sub
674 979 779 1056 qurbus
793 979 991 1052 continentur,

36 1077 110 1137 quas
125 1070 264 1118 recenset
278 1059 309 1118 S.
323 1057 433 1117 Paulus
449 1059 476 1116 1.
489 1057 528 1117 ad
541 1057 609 1117 Cor.
625 1057 672 1114 12.
684 1055 787 1134 gratiae
801 1057 952 1138 sapientise
965 1063 994 1122 dr

36 1137 183 1208 scientia,
197 1136 292 1218 gratie
305 1137 472 1207 sanitatum,
481 1135 626 1196 discretio
640 1134 806 1214 spirituum,
820 1143 872 1198 &a

80 1216 136 1276 IV.
151 1217 332 1278 Mireculum
346 1216 450 1278 stricte
464 1215 586 1286 dictum,
597 1225 645 1274 est
656 1234 730 1294 opus
739 1215 869 1277 divinum
879 1215 997 1291 eontra,¹

36 1297 84 1356 vel
99 1316 199 1376 supra,
213 1297 261 1357 vel
275 1307 381 1376 praeter
395 1295 573 1356 ordinarium
586 1313 685 1354 rerum
699 1314 826 1368 cursum,
842 1299 991 1360 excedens

37 1387 171 1438 creatam
193 1375 366 1438 facultatem
387 1375 435 1436 vel
455 1373 619 1436 secundun
631 1392 665 1433 se
685 1375 733 1435 vel
747 1375 910 1438 secundum
924 1379 992 1440 sub·

33 1457 153 1534 jectum
166 1455 214 1516 vel
227 1455 391 1516 secundum
403 1455 533 1516 modum.

77 1535 116 1594 V.
144 1535 173 1596 S
199 1535 256 1594 Th.
278 1535 358 1595 enim
374 1537 401 1594 1.
425 1555 497 1616 p..q.
521 1535 587 1594 105.
611 1552 637 1595 a.
651 1537 680 1598 8.
693 1533 723 1594 in
737 1555 763 1596 c
782 1535 912 1616 explicat
936 1537 992 1600 tria

36 1634 153 1694 genera
175 1635 229 1676 seu
241 1627 303 1676 tres
324 1613 434 1694 gradum
456 1613 681 1676 miraculorum:
706 1615 839 1694 quaedarn
853 1615 994 1678 muamu

38 1694 181 1754 dicuntur
202 1705 305 1756 contra
326 1706 478 1764 naturam3
500 1693 669 1773 exemplum
689 1693 857 1774 hujusmodi
883 1695 995 1775 legitur

37 1773 134 1834 Josue
145 1775 191 1832 10.
201 1773 270 1836 cum
279 1773 322 1834 sol
335 1773 421 1834 stetit
428 1773 566 1834 immotus
576 1773 662 1836 unius
672 1773 730 1834 diei
740 1774 849 1854 spati03
859 1777 993 1856 quaedam

36 1865 109 1914 sunt
124 1872 212 1934 supra
221 1865 365 1924 naturam,
380 1851 554 1933 qualiasunt
567 1853 752 1914 resuscitatio
762 1853 879 1925 mortui,
893 1853 992 1916 &illu-

36 1931 162 1993 minatio
176 1932 247 1992 caeci
261 1932 280 1991 1
292 1931 457 2004 nativitate,
474 1932 559 1993 Joan.
573 1933 609 1992 9:
632 1932 759 2011 denique
773 1931 906 2011 quaedaru
920 1933 994 1998 mire

37 2011 115 2071 fiunt
131 2023 238 2092 praeter
251 2021 395 2081 naturam,
418 2031 447 2070 v.
460 2031 488 2091 g.
503 2011 616 2072 sanatio
630 2013 763 2074 Naaman
779 2013 846 2094 Syri
860 2012 878 2074 d
895 2013 993 2094 lepra':
1090 2065 1094 2073 .

35 2095 63 2150 4.
79 2091 160 2172 Reg.
177 2093 205 2150 5.
222 2089 358 2152 liberatio
372 2093 473 2152 socrlls
484 2091 567 2152 Petri
581 2089 703 2154 asebre.
755 2091 926 2154 Secundum
939 2095 992 2156 hos

36 2171 151 2249 gradus
161 2191 251 2230 uuum
264 2171 437 2232 miraculum
451 2169 560 2232 dicitur
574 2191 640 2232 esse
653 2175 747 2252 majus
760 2171 863 2232 altero.

78 2249 137 2310 VI.
165 2249 306 2311 Nonnulli
334 2249 478 2330 Theologi
503 2249 665 2314 admittunt
698 2263 835 2332 quartum
868 2251 992 2332 gradum

37 2329 267 2400 miraculorum
290 2329 408 2410 quando
429 2330 541 2392 factum
562 2351 621 2392 non
645 2342 692 2392 est
705 2342 808 2392 contra
825 2351 882 2392 nec
905 2351 994 2412 supra

38 2421 157 2468 naturae
170 2409 256 2480 vires,
279 2413 304 2470 dr
318 2429 372 2490 per
385 2409 585 2488 operationem
598 2409 762 2470 naturalem
776 2409 850 2472 effici
873 2411 992 2492 quidem

38 2500 152 2566 posset,
168 2489 222 2550 sed
231 2489 508 2550 excircumstentiis
518 2489 599 2550 clare
609 2489 769 2550 innotescit
777 2489 889 2552 factum
900 2489 994 2552 dDeo

35 2567 224 2646 ¹processisse
238 2567 470 2630 extraordinarie
483 2589 511 2628 v.
530 2590 560 2650 g.
574 2569 644 2629 dum
656 2573 686 2628 4.
700 2569 777 2648 Reg.
790 2572 819 2630 9..
832 2589 859 2627 v.
873 2572 921 2630 24.
935 2569 994 2632 duo

39 2647 102 2786 {clai
129 2646 335 2710 laceraverunt
366 2647 560 2728 quadraginta
592 2647 667 2709 duos
694 2668 802 2729 pueros
835 2649 994 2712 illudentes

79 2745 162 2788 lsoeo.

35 2791 64 2880 ’,
82 2805 146 2866 Sed
158 2806 207 2868 hic
222 2817 343 2900 quartus
356 2803 677 2901 commode‘reducitur
699 2807 737 2868 ad
750 2805 871 2867 tertium
885 2829 994 2886 praeoe·

40 2885 176 2956 dentem,
188 2907 256 2965 qum
261 2887 366 2946 modus
372 2886 475 2948 saltem
481 2887 741 2967 mrraculosusjest:
756 2885 799 2948 sic
809 2887 995 2968 iuteraegros,

39 2966 93 3044 qui
108 2965 239 3045 undique
253 2967 441 3026 confluebant
448 2967 487 3026 ad
501 2965 661 3036 Christum,
676 2986 748 3046 quos
759 2986 859 3027 omues
873 2969 996 3040 mavit,

39 3045 129 3104 multi
153 3043 235 3106 certd
256 3045 428 3106 laborabant
448 3045 665 3106 infirmitatibus
686 3045 859 3106 naturaliter
882 3049 996 3108 sauabi·

40 3123 129 3194 libus,
145 3145 268 3204 quorum
291 3135 390 3186 tamen
412 3123 541 3186 omnium
565 3125 731 3186 sanationes
754 3125 832 3186 iuter
854 3125 996 3188 miracula

40 3216 245 3266 recensentur.

83 3283 133 3342 Ex
156 3283 278 3362 praefata
300 3283 498 3363 descriptione
513 3282 690 3344 definitionis
704 3283 871 3354 innotescit,
887 3305 944 3366 qua
958 3287 996 3350 de

42 3381 133 3422 causa
147 3361 270 3422 effectus
294 3361 549 3424 sacramentorum
568 3363 714 3434 ordinarii,
736 3363 809 3426 licet
822 3378 995 3442 supernatu-

42 3441 131 3511 rales,
152 3463 211 3502 nou
225 3453 368 3502 vocentur
381 3439 529 3512 miracula,
554 3443 623 3522 quia
635 3443 799 3504 secuudum
822 3443 996 3506 ordinariam

41 3520 105 3580 Dei
120 3521 337 3582 institutionem
351 3523 562 3602 producuntur.

86 3599 155 3658 v11.
170 3601 308 3662 Secundd
322 3601 426 3682 liquet,
433 3603 522 3680 juxta
530 3601 692 3662 doctrinam
708 3601 737 3662 S.
748 3601 804 3660 Th.
818 3605 844 3662 1.
854 3623 883 3682 p.
892 3624 919 3682 q.
931 3607 996 3664 110.
1020 3621 1022 3632 ·

44 3699 71 3737 a.
86 3684 114 3737 4.
129 3679 208 3758 qudd
222 3681 301 3740 solus
315 3681 409 3752 Deus,
432 3681 512 3760 “qui
525 3681 597 3741 facit
610 3680 753 3741 mirabilia
771 3701 878 3760 magna
892 3683 996 3744 solus.''

44 3759 96 3816 Ps.
112 3760 178 3817 135.
191 3759 333 3820 miracula
345 3760 444 3832 faciat,
458 3761 545 3820 homo
560 3761 716 3820 dumtaxat
725 3759 996 3834 instrumentaliter,

43 3837 286 3914 ministerialiter,
301 3851 353 3902 aut
365 3839 567 3919 impetratorie
581 3841 629 3900 illa
643 3840 758 3901 dicatur
771 3839 878 3901 facere.
