2254 4072
249 1013 482 1112 INDEX
528 1016 808 1113 RERUM.

424 1369 626 1381 ffl-

47 1601 145 1662 Prior
158 1602 307 1663 Numerus
320 1604 453 1680 desiyoot
465 1601 629 1662 Numerum
646 1602 845 1679 morqiuolom,
863 1603 1008 1680 posterior
1072 1617 1079 1626 ’

387 1683 500 1740 iudicat
508 1679 670 1757 Paqiuam.

49 1877 135 1920 nuu.
496 1863 525 1920 A
932 1877 1007 1918 reo.

47 1959 110 2016 289
132 1959 322 2019 Adulterium
337 1960 471 2019 continet
485 1960 584 2038 plures
598 1959 732 2028 melitius,
888 1999 931 2018 „m
949 1959 1009 2015 374

67 2039 110 2095 45
131 2035 260 2097 Attentio
273 2038 382 2117 triplex
395 2059 436 2098 ex
449 2050 534 2116 porte
550 2038 695 2118 Subjeeti,
969 2039 1010 2094 54

68 2118 110 2173 46
133 2117 175 2175 Et
188 2137 227 2176 ex
240 2129 325 2196 porte
340 2117 461 2196 objecti,
608 2157 652 2177 .-
797 2170 802 2192 ,
887 2078 931 2174 ,ἶ
969 2116 1009 2172 55

68 2197 110 2252 67
131 2195 275 2255 adoratio
289 2207 336 2256 est
349 2207 434 2258 actus
451 2195 624 2274 Religionis,
888 2235 931 2252 ..-
970 2195 1010 2252 86

606 2395 649 2412 ..,.
887 2273 1011 2411 :eii

49 2431 112 2489 247
133 2429 431 2511 Affohilitar&vitia
445 2431 588 2512 opposite,
609 2473 652 2493 ....
887 2472 931 2490 m.
949 2425 1013 2488 312

52 2275 113 2330 179
133 2272 292 2352 Adjwotio
306 2274 363 2335 alin
376 2275 574 2354 deprecativo,
588 2275 646 2336 elia
659 2273 848 2352 compulsiva,

51 2354 112 2409 185
132 2351 308 2428 Astroloqia,
327 2395 370 2414 ..a

522 2694 547 2750 B

398 2849 675 2910 BENEFICIUM.

54 3007 117 3066 214
139 3006 281 3066 Beneficii
295 3007 438 3076 definitio,
611 3049 654 3066 ...-

55 3087 117 3142 215
139 3085 181 3144 Et
194 3084 361 3157 divisiones,
612 3129 656 3145 ....

54 3166 117 3221 216
139 3164 354 3243 Aequiruntur,
370 3165 520 3225 Beneficia
534 3165 664 3244 quinque
679 3165 782 3234 modis,

137 3243 253 3308 Quibus
267 3245 362 3305 modis
376 3244 558 3314 amittentur,
612 3287 655 3304 ....

55 3324 116 3380 217
137 3321 157 3382 J
160 3341 193 3381 us
208 3325 380 3401 patronatus
395 3324 542 3402 quomodo
555 3324 735 3416 acquiratur,

54 3402 117 3459 218
139 3401 264 3463 collatio
277 3408 303 3462 δι
316 3403 463 3464 institutio
480 3399 631 3474 Beneficn,

56 3481 117 3537 219
139 3480 310 3542 Formelitas
324 3482 531 3544 introducendi
545 3483 576 3542 in
590 3481 813 3561 possessionem,

58 3561 118 3616 220
140 3559 263 3639 Triplex
277 3562 370 3622 forme
383 3561 545 3630 electionis,
615 3602 658 3621 m

57 3638 115 3696 221
139 3639 221 3718 Papo
234 3641 340 3718 quibus
354 3641 449 3701 modis
468 3642 604 3702 conferat
616 3639 775 3712 Beneficia,

139 3717 326 3780 Concordem
339 3721 517 3788 Germaniae,
532 3726 558 3779 δι
573 3741 642 3781 usus
658 3720 688 3780 in
700 3719 814 3800 Belgio,

58 3798 117 3856 222
138 3797 194 3859 Jus
208 3799 388 3872 devolutum,
403 3799 475 3880 quid
489 3799 536 3936 sig,
616 3842 658 3864 ...,

546 3898 567 3937 n
