2230 4094
144 160 202 220 lot
528 172 579 222 ,on
599 171 693 216 voro.

143 327 224 377 mota
235 329 295 376 non
308 313 398 376 debet
410 333 476 376 csse
486 313 517 374 in
530 323 677 394 potestate
687 321 805 381 nostrae
817 331 902 374 conc.
915 323 1013 374 tonum
1021 331 1035 371 ι
1046 329 1093 370 ve·

142 396 209 456 rum
222 395 346 456 materia
367 393 501 474 proxima
513 413 572 454 uon
595 403 665 478 sunt
677 392 781 464 morbi,
802 393 858 454 sed
869 404 963 456 acum,
977 391 1094 454 virtutis

142 474 305 571 patientiae,
314 478 367 536 tre.
382 473 484 566 Solum
497 471 727 536 enimvovemus
740 472 866 534 tolerate
879 473 998 536 morbos
1013 476 1040 532 n
1053 470 1094 530 in·
1109 557 1110 562 γ

139 574 234 694 jung
245 553 623 714 {biluesnpberibcfgpbblutserpobbcst
635 649 701 694 esse
714 619 839 692 materia
851 629 936 694 voti?
999 627 1005 636 ’
1035 691 1039 696 ,

183 713 221 772 R.
235 713 366 772 Adime
380 713 450 792 quia
462 723 561 792 potest
573 731 638 774 esse
650 712 761 772 bonum
773 711 888 772 melius.
911 709 1004 780 Nota,
1015 707 1096 802 quaid
1109 731 1110 766 t

143 791 192 852 ille
206 804 290 854 aetus
306 793 342 866 ,in
354 791 412 854 hoc
425 812 497 854 casu
510 791 652 852 debeatm
665 789 776 870 duplici
788 791 886 862 titulo,
908 809 948 851 ex
961 789 1095 870 obhgan·

143 871 353 1014 οιιεὲιιιεοιεριί
365 870 481 1014 ΞὲἰιΙίιει
492 876 518 934 a
530 869 611 942 voti;
633 875 659 930 tr
673 869 754 950 quod
765 870 831 950 ejus
852 868 973 934 omissio
986 867 1095 951 duplex

145 971 201 1014 con
246 973 282 1014 ea
308 973 364 1032 pec
413 971 473 1013 um.
785 965 786 974 ¹

161 1161 163 1171 ’
260 1169 314 1230 u.
334 1170 382 1260 ss.
423 1167 484 1230 Aa
504 1165 658 1250 vovum
678 1167 737 1228 nn
758 1164 961 1228 marnam

153 1325 247 1406 cnjus
258 1347 403 1406 unapars
415 1335 457 1387 est
465 1325 647 1406 impotabilb
658 1325 705 1386 vel
715 1317 826 1397 illa'clta,
844 1315 993 1386 nataliter
1006 1327 1099 1404 inepta

205 1411 265 1468 noti
278 1409 407 1478 maaria,
428 1406 641 1486 oblipetprwod
661 1405 751 1466 uliam
767 1416 892 1486 purten,
913 1408 941 1465 ai
962 1405 1021 1466 illa
1029 1423 1100 1484 port

205 1487 326 1566 aitapta
335 1487 549 1548 mammone?
699 1571 702 1578 ι

148 1644 172 1704 l.
195 1605 409 1706 Sititmaten'n
421 1653 554 1706 mmmm
565 1641 723 1704 collectione
734 1645 876 1724 portium.
917 1638 958 1702 11.
971 1638 1110 1710 Maean

206 1723 588 1865 agmanfflbdliamm
604 1739 672 1783 carn
699 1723 772 1784 Volo
790 1725 939 1782 coactans.
978 1722 1037 1782 1v.
1058 1723 1110 1808 De]

188 1961 305 2021 RESP.
319 1961 387 2023 Hoc
398 1962 509 2042 pendet
522 1981 560 2022 ex
571 1959 752 2022 connexione
766 1960 901 2042 partium,
915 1965 942 2020 tr
955 1979 997 2022 ex
1007 1939 1110 2024 intem

18 2067 21 2074 ¹
149 2039 230 2102 tione
243 2041 386 2102 voventis.
426 2042 521 2121 Igitur
538 2041 707 2120 distinguo:

188 2120 213 2178 I.
235 2120 267 2181 si
287 2121 400 2181 voverit
421 2121 564 2200 quispiam
578 2117 657 2180 iilam
670 2121 822 2182 materiam
845 2130 896 2180 tan
918 2137 985 2180 uam
1010 2120 1100 2199 quod·

147 2200 217 2260 dam
228 2211 322 2260 totum
335 2212 472 2262 constans
481 2220 520 2262 ex
532 2199 706 2260 collectione
718 2201 766 2262 vel
773 2199 893 2260 multitu
915 2200 922 2214 '
972 2199 1110 2280 partium

148 2279 197 2338 vel
210 2289 340 2350 actuum,
363 2301 421 2340 non
435 2279 574 2359 tanquam
598 2291 692 2340 totum
714 2279 833 2360 aliquod
850 2277 1031 2340 indivisibile
1054 2291 1110 2348 aut

150 2377 326 2430 connexum,
351 2372 469 2420 tenetur
482 2359 603 2439 implere
617 2369 717 2418 votum
733 2359 830 2437 quoad
843 2370 957 2439 partem
969 2357 1101 2418 materia

149 2437 309 2516 legitimae;
323 2439 391 2518 quia
401 2440 431 2498 in
444 2439 501 2500 hoc
514 2437 664 2518 supposito
673 2439 796 2518 singulte
810 2449 908 2518 partes
922 2437 1037 2498 eadunt
1051 2439 1101 2496 sub

150 2529 220 2578 voto
234 2517 436 2578 distributive:
460 2517 581 2598 proinde
595 2518 621 2578 si
635 2517 699 2596 quis
712 2517 826 2580 voverit
848 2515 964 2594 elargiri
977 2535 1110 2597 paupers

150 2596 216 2656 ibus
231 2608 349 2658 centum
362 2597 495 2668 florenos,
511 2609 628 2658 tenetur
638 2601 677 2656 50
691 2597 770 2668 dere,
785 2595 916 2678 quamvis
930 2615 988 2656 non
1000 2595 1110 2676 possit,

19 2691 21 2694 '
152 2688 204 2738 aut
225 2677 307 2738 licite
320 2697 379 2736 non
400 2677 494 2756 possit
505 2673 632 2756 reliquos
655 2679 694 2736 50
708 2677 788 2738 dare.
827 2675 912 2736 Idem
925 2685 971 2736 est
992 2674 1026 2736 in
1039 2686 1110 2738 voto,

148 2755 301 2834 jejunandi
315 2768 434 2816 centum
449 2757 560 2816 diebus

192 2835 233 2894 11.
256 2834 287 2896 Si
301 2847 401 2896 autem
413 2834 526 2896 voverit
543 2834 659 2914 aliquid
667 2845 805 2914 tauquam
829 2853 921 2894 unum
933 2843 1031 2895 toturn
1045 2852 1104 2894 mo·

35 2941 39 2948 ·
153 2914 262 2986 rsliter,
285 2915 332 2976 vel
346 2915 509 2988 secundum
522 2935 606 2976 usum
620 2913 796 2976 ordinarium
810 2911 997 2982 indivisibile,
1015 2913 1061 2974 ita
1073 2923 1105 2974 ut

153 3005 252 3073 partes
266 2993 326 3056 sint
339 3013 480 3056 connexae
494 2993 570 3054 inter
584 3013 625 3064 se,
648 2993 696 3052 vel
710 2993 740 3052 in
753 3005 816 3052 toto
829 2991 879 3054 illo
892 2991 1104 3058 coadunentur,

153 3074 258 3152 saltem
279 3095 317 3134 ex
331 3073 494 3134 intentione
506 3071 647 3142 voventis
669 3092 728 3134 non
741 3071 917 3152 obligabitur
935 3070 976 3136 ‚ad
1046 3083 1110 3134 tem

154 3172 194 3214 ex
207 3165 284 3226 voto,
308 3153 333 3213 si
346 3153 438 3214 altera
452 3173 518 3232 pars
532 3153 571 3212 sit
583 3151 769 3230 impossibilis
780 3151 830 3214 vel
844 3149 965 3212 illicita:
1013 3150 1020 3164 '
1045 3171 1063 3211 c
1082 3149 1110 3209 si

155 3232 299 3326 quispiam
312 3233 426 3294 voverit
437 3233 585 3294 celebrere
600 3231 724 3292 Missam
737 3251 791 3310 pro
804 3229 912 3310 aliquo,
924 3239 957 3290 et
968 3249 1029 3298 noa
1095 3241 1110 3276 ·'

155 3323 203 3382 sn,
228 3332 286 3372 non
300 3312 474 3392 obligabitur
495 3311 524 3370 vi
538 3309 598 3370 voti
620 3310 835 3371 communicare
856 3327 1007 3372 sacramen
1052 3308 1110 3370 'ter

135 3455 137 3468 ,
155 3411 209 3470 pro
223 3390 344 3452 eodem:
366 3391 498 3452 similiter
512 3389 536 3450 si
550 3389 662 3450 voverit
674 3389 818 3450 aedificarc
837 3387 1003 3470 Templum,
1027 3387 1110 3468 quod

156 3481 204 3532 est
216 3469 245 3530 ei
266 3469 454 3548 impossibile,
478 3470 525 3530 vel
539 3469 725 3550 prohibitum,
747 3489 806 3530 non
820 3480 938 3532 teneam
959 3465 1106 3530 edificare

157 3548 201 3608 Ca
221 3549 307 3608 ellam
321 3547 351 3606 in
364 3549 420 3608 alio
435 3547 567 3628 Templo.
1109 3597 1110 3622 3

196 3569 253 3686 fn.
274 3627 386 3686 Eadem
400 3625 550 3688 distinctio
563 3627 704 3688 servande
717 3640 772 3697 est,
794 3626 819 3689 si
829 3637 1013 3720 postratum
1026 3625 1105 3686 acci·

156 3703 216 3776 dat,
231 3716 266 3766 ut
277 3725 344 3786 pars
357 3705 486 3766 materiae
499 3705 551 3766 fiat
563 3705 757 3786 impossibilis,
778 3707 880 3768 illicita
892 3717 944 3772 aut
956 3703 1105 3771 indebita:

156 3785 278 3864 proinde
292 3783 317 3846 si
331 3785 396 3866 quis
410 3783 533 3864 simplici
555 3797 623 3848 voto
636 3783 780 3851 castitatis
803 3785 961 3852 obstrictus
975 3781 1110 3854 voltum
