2256 4090
420 177 462 222 ur
483 175 576 221 voro.
911 165 967 226 145

25 315 157 396 petitum,
170 327 279 402 potest,
295 316 365 397 quia
377 317 408 378 id
420 318 600 398 permittitur
612 317 643 378 iu
658 317 884 392 BrdlaJubiloei;
897 322 968 386 alias

25 415 111 534 millu
134 487 268 556 tempore
295 475 412 538 Jubiloei
427 477 499 556 .quis
521 451 613 558 possit
634 488 736 558 petere
758 479 968 542 absolutionem

23 566 213 633 peccatorum
233 558 271 616 ab
292 575 351 616 uno
374 557 567 628 confessario,
589 562 616 616 tr
637 559 828 620 mutationem
850 561 910 622 voti
931 562 969 622 ab

23 633 291 776 altietr.⁰'1‹1‹luuium
305 725 362 786 est,
377 714 446 793 quia
459 713 552 775 Bullae
566 714 735 795 exprimunt
753 715 972 780 confessarium-

23 793 50 851 in
63 812 192 855 numero
205 793 352 874 singulari.
393 794 518 856 Eilluart
530 796 598 854 279.

61 991 102 1051 N.
126 992 193 1052 121.
233 991 292 1052 DE
314 993 562 1054 POTESTATE
584 991 772 1056 ERISCOPI
794 994 923 1058 CIRCA

298 1072 414 1144 VOTA
434 1073 698 1134 RESERVATA.

23 1212 43 1270 1.
64 1207 212 1290 Episcopi
233 1211 400 1290 disperserant
419 1213 452 1270 r'rt
480 1209 549 1272 Vota
568 1211 663 1272 dubio.
702 1211 743 1272 11.
763 1211 835 1274 Item
855 1215 972 1294 quando

372 1294 520 1352 necessitas
532 1302 621 1370 arpos

60 1428 124 1490 AN
141 1415 281 1568 Episcopi
294 1430 451 1509 aliquando
464 1430 635 1512 dispensant
647 1431 694 1492 vel
708 1444 889 1495 commutant
902 1445 971 1495 sota

26 1511 148 1570 Summo
157 1509 245 1570 Ponti
266 1509 294 1569 ci
307 1511 479 1571 reservata?
906 1527 909 1532 ·

58 1589 84 1648 I.
107 1589 149 1647 R.
170 1588 348 1668 Aliquando,
371 1608 407 1649 ac
429 1588 524 1669 primd
548 1589 643 1650 ideis
664 1589 834 1652 attribuitur
857 1591 887 1652 in
901 1611 971 1654 casu

24 1668 81 1730 soti
95 1667 182 1728 dubii
196 1668 258 1728 sive
268 1668 342 1748 juris
362 1668 424 1738 siue
437 1669 518 1740 facti,
533 1668 605 1749 puta
618 1669 643 1730 si
656 1669 807 1731 dubitetur
820 1669 857 1732 de
868 1671 971 1732 suffici-

24 1747 82 1808 enti
96 1747 329 1816 deliberatione3
349 1747 421 1808 it'em
431 1747 456 1808 si
469 1757 570 1808 votum
584 1747 741 1810 sitfsctum
751 1769 790 1810 ex
799 1749 880 1830 gravi
889 1762 972 1811 metu

23 1827 133 1906 injuste
146 1825 267 1886 incusso
280 1827 318 1886 sd
332 1825 565 1906 extorquendum
578 1837 688 1888 votum.

59 1905 141 1967 Haec
154 1904 306 1978 conclusio
323 1925 381 1965 non
405 1925 444 1966 ex
460 1909 529 1986 jure
550 1907 660 1988 scripto
678 1907 847 1977 desumitur,
862 1909 915 1969 sed
935 1927 973 1970 ex

25 1983 272 2064 interpretatione
294 1985 468 2046 Doctorum.
519 1983 641 2057 'smus
662 1987 809 2066 Wiggers,
830 1987 971 2070 Layman,

25 2065 168 2134 Roudart,
184 2063 229 2124 La
243 2064 341 2134 Croix,
356 2069 409 2125 dc.
465 2087 467 2094 ¹
583 2063 585 2068 ’

59 2145 101 2203 11.
125 2143 267 2205 Secrrndd
285 2148 312 2216 tr¹
323 2143 508 2223 generaliter,
523 2141 549 2204 si
562 2156 666 2224 urgeat
678 2145 838 2206 necessitas
852 2145 968 2226 dispen·

24 2223 106 2282 sandi
128 2223 180 2284 rel
201 2222 292 2284 instet
314 2243 402 2303 grave
423 2223 586 2304 periculum
608 2224 844 2304 transgressionis
854 2225 924 2295 voti,
945 2231 971 2285 ἃ

24 2302 109 2362 simul
125 2321 237 2380 urgens
253 2321 341 2362 causa
363 2323 422 2362 non
440 2304 585 2366 concedat
606 2315 722 2386 tempus
745 2305 914 2366 recurrendi
934 2306 972 2366 ad

24 2381 220 2442 Pmrificems
241 2381 271 2440 in
284 2383 331 2442 his
344 2382 459 2443 mainus
476 2403 530 2464 per
551 2383 706 2461 quamdam
729 2381 873 2463 Epykiam
889 2383 974 2478 Epis·

24 2471 122 2540 copus'
141 2460 362 2540 damnasset
385 2467 553 2532 commutat,
582 2461 635 2522 sed
664 2473 763 2522 tamen
786 2482 844 2522 non
867 2462 924 2522 nist
944 2463 974 2522 in

24 2540 172 2618 quantrlm
184 2539 345 2601 necessitas
359 2540 454 2622 exigit
461 2541 509 2602 vel
532 2559 584 2622 pro
605 2552 689 2622 parte
712 2541 827 2603 uotum
840 2541 887 2602 vel
902 2553 974 2602 tem-

24 2637 94 2697 pore
110 2619 226 2698 aliquor
247 2618 289 2680 ita
303 2619 466 2701 Episcopus
480 2632 547 2702 post
557 2620 777 2681 Matrimonium
791 2631 974 2682 contractum

23 2705 51 2762 tr,
60 2709 301 2758 consummatum
315 2717 382 2760 cum
405 2710 474 2760 voto
497 2698 651 2770 castimtis,
679 2699 859 2780 dispensabit
884 2700 914 2759 in
938 2719 973 2762 eo

23 2790 93 2838 soto
108 2775 294 2838 solummodd
308 2797 360 2857 pro
373 2789 467 2858 purte,
481 2789 516 2839 ut
528 2779 710 2858 scilicetpsti
725 2777 818 2860 possit
832 2778 973 2848 debitum,

23 2857 116 2938 idque
138 2877 194 2936 pro
216 2869 348 2936 ternpore
371 2857 440 2917 vitse
466 2857 558 2998 lru'ppp=
575 2857 707 2939 conjugis
734 2857 858 2918 tanturn.
899 2859 974 2920 Haec
1105 2871 1109 2884 '

27 2937 120 2997 latids
134 2937 290 2996 deductar
346 2936 404 2996 ries
418 2937 497 3016 apud
550 2957 647 3015 uggers
661 2957 724 3017 cap
737 2941 766 2996 4.
776 2938 845 2997 dub.
859 2939 907 2996 28.

64 3017 213 3086 Sanchez,
228 3015 293 3076 Bou
382 3017 538 3096 Huygens,
552 3017 684 3087 Billuart,
708 3017 832 3076 eandem
852 3013 974 3082 fficulta-

24 3111 87 3156 tem
102 3095 270 3156 attribuunt
285 3095 433 3182 Episcopo
456 3096 545 3156 etiam
567 3107 635 3156 ante
658 3106 841 3164 contractum
869 3095 975 3155 Matri·

24 3175 159 3235 monium
174 3175 205 3234 in
219 3183 344 3253 urgente
354 3175 540 3246 necessitate,
554 3195 581 3234 v.
595 3195 624 3256 g.
638 3187 672 3236 ut
684 3175 865 3253 legitimetur
878 3175 974 3256 proles

27 3255 195 3334 cujusdam,
211 3253 260 3391 spui
273 3253 437 3333 periculose
451 3253 622 3324 infirmatur,
636 3259 689 3314 &c

62 3337 158 3403 Nota,
173 3353 214 3412 qu
234 3331 297 3392 din
311 3333 459 3412 praedictis
473 3335 587 3396 casibus
614 3333 686 3404 nihil
713 3332 827 3420 possint
853 3331 904 3401 illi,
925 3333 975 3411 qui

1 3449 2 3452 =
26 3414 122 3473 solum
137 3413 250 3472 habent
276 3423 453 3491 potestatem
475 3411 638 3492 delegatam
659 3433 687 3486 v,
708 3433 737 3492 g.
750 3412 780 3470 vi
792 3411 908 3475 Jubilasi
928 3412 976 3476 val

24 3491 190 3570 ‘Privilegii
216 3491 284 3570 quis
305 3503 435 3570 potestas
457 3493 592 3572 delegata
616 3511 675 3565 nou
699 3491 870 3552 extenditur
891 3501 977 3553 extra

26 3591 112 3633 casus
128 3589 295 3640 concessos,
310 3572 495 3650 quantumvis
508 3571 668 3646 necessitas
681 3570 809 3645 maxima
822 3586 976 3635 concurre-

26 3651 321 3810 retbapitirildartdmen
335 3747 388 3790 seu
401 3733 464 3872 ep'us
477 3731 602 3802 vicario,
619 3730 696 3791 Sede
709 3741 841 3798 vacante,
855 3727 886 3787 id
899 3745 976 3789 com-

27 3810 116 3888 petit,
133 3809 204 3888 quia
217 3809 351 3871 succedit
365 3811 395 3870 in
430 3811 647 3874 urisdictionem
662 3809 873 3890 Episcopalem.
