2246 4096
363 181 408 223 na
423 179 635 224 suasurum.
917 163 974 235 193

68 323 106 382 Π.
126 321 164 382 R.
185 321 258 382 Tale
267 323 468 401 jurameutum
481 333 549 382 esse
571 319 715 392 illicitum,
729 319 756 380 'oz
768 321 881 402 lubere¹
891 323 974 382 meli-

34 403 98 463 tium
112 401 234 480 perjurii
247 414 350 470 contra
363 403 502 462 comitem
515 401 657 462 veritatis.

65 482 120 542 111.
142 481 232 540 Ratio
244 493 293 540 est
306 481 387 560 quod
400 481 504 560 egatu'r
518 491 620 540 contra
634 481 724 541 finem
733 481 902 560 Jurementi,
924 483 974 560 qui
1023 517 1030 523 -

31 573 73 622 est
88 570 106 597 “
117 561 211 623 omnis
222 561 428 620 controversiae
441 560 531 630 finis‚''
542 559 631 640 juxte
640 562 745 642 Apost.
755 561 793 619 sd
804 561 897 620 Hebr.
906 565 936 620 6.
949 568 976 620 ἀ

31 640 325 722 qodd·.testimonium
340 639 399 700 Dei
413 641 617 700 introducatur
627 641 667 700 od
680 640 895 722 decipiendum,
907 658 976 704 con·

29 734 72 780 tra
85 721 160 780 illud
174 721 223 779 Pr.
240 722 286 778 14.
301 729 319 756 ‘⁴
329 721 380 798 qui
389 723 470 798 jurat
483 719 617 797 proximo
625 739 680 779 suo
693 725 719 778 tr
732 737 790 786 non
801 720 936 798 decipit.”

65 800 119 858 IV.
141 799 218 860 Haec
232 809 279 858 est
290 800 426 862 docuina
436 799 467 858 S.
474 799 580 860 Isidori
594 799 737 860 dicentis:
764 799 976 878 “qudcumque

29 891 92 940 arte
106 881 263 942 verborum
286 879 350 958 quir
374 882 465 958 juret,
489 878 574 938 Deus
586 890 695 948 tamen,
720 875 773 959 qui
790 879 978 946 conscientie

29 959 111 1020 testis
123 970 179 1030 est,
193 958 299 1020 itahoc
313 959 431 1038 accipit,
441 959 523 1032 sicut,
535 958 600 1028 iste,
615 959 662 1018 cui
672 961 797 1037 juratur,
812 958 976 1036 intelligit”

28 1040 84 1098 Per
97 1049 195 1100 artem
207 1041 362 1097 verborum
382 1039 453 1116 apte
467 1037 640 1117 intelligitur
654 1057 723 1098 usus
737 1040 892 1098 verborum
906 1057 976 1097 con·

29 1117 188 1178 tinentium
201 1117 499 1195 sehslnnambiguum
512 1117 562 1176 vel
571 1117 766 1196 equivocum.
919 1133 921 1138 ·

65 1198 101 1256 V.
136 1197 221 1258 Idem
248 1197 336 1256 docet
364 1197 393 1256 S.
421 1199 500 1275 Aug.
528 1197 623 1274 Epist.
654 1198 722 1254 244.
752 1197 790 1256 cd
817 1197 978 1278 Alypium:

29 1285 45 1314 “
58 1277 180 1357 Perjuri
193 1287 270 1346 sunt,
285 1277 337 1355 'qui
349 1276 471 1336 servatis
491 1276 590 1342 serbis
608 1276 845 1354 expectationem
867 1295 978 1348 eorum,

29 1356 135 1435 quibus
145 1359 279 1435 juratrun
292 1356 552 1433 estrfld'eceperunt',
580 1357 632 1414 &c
652 1375 711 1414 non
733 1356 810 1415 enirn
824 1355 878 1416 tibi
888 1355 979 1434 juras,

28 1437 80 1496 aed
93 1436 231 1514 proximo
246 1436 352 1514 juras,”
373 1435 417 1498 ait
428 1435 508 1494 idern
524 1434 646 1513 sung.
663 1435 757 1494 Serm·
769 1437 819 1494 80.
832 1435 870 1495 de
881 1436 980 1499 verbis

30 1518 56 1574 A
97 1526 137 1574 st.
344 1560 348 1568 .
514 1540 519 1550 ·

58 1535 123 1656 ppL
142 1595 281 1679 Denique
292 1593 721 1673 probaturahinoon'venientii
743 1593 981 1674 quiaslihsnulla

24 1674 84 1734 eris
99 1675 246 1734 securitas
272 1679 298 1732 tr
317 1674 500 1741 confidentis
526 1673 557 1732 in
578 1673 705 1733 humans
732 1674 893 1742 societate3
913 1687 981 1741 nam

28 1754 121 1814 astuti
135 1753 326 1814 adinvenient
341 1753 378 1812 in
401 1753 481 1812 omni
507 1752 638 1814 materia·
653 1755 743 1813 verbu
760 1751 900 1832 ambigua
918 1755 981 1814 sins

28 1833 96 1903 fine,
112 1838 140 1891 o
153 1833 266 1892 nullum
280 1844 415 1911 superest
428 1833 557 1894 medium
571 1833 621 1891 illa
634 1833 753 1896 vitandi.

66 1913 139 1972 vn.
161 1912 325 1991 Objicitur:
342 1913 444 1990 jurans
458 1931 525 1972 cum
536 1910 750 1991 amphibologia
767 1905 982 1991 jurrt‘verum

30 2011 102 2070 ergo
117 2011 180 2052 non
193 2003 239 2051 est
252 1995 396 2070 perjurus.
426 2043 428 2050 ,
458 2016 467 2032 ·
630 2011 633 2020 ⁴

65 2072 107 2132 R.
131 2071 294 2149 Distinguo
307 2074 568 2150 ant÷Jnrttverum
577 2071 742 2131 secundini
750 2089 840 2130 unum
853 2091 984 2142 sensum,
998 2098 1001 2110 ·

26 2153 61 2211 de
76 2171 143 2229 quo
157 2170 218 2210 non
227 2162 274 2210 cst
283 2151 489 2220 controversiae
503 2151 586 2212 c'onc.
599 2162 659 2210 ant.
669 2153 751 2230 jurat
763 2169 866 2210 verum
880 2171 983 2211 semm-

29 2231 102 2289 dum
118 2247 241 2290 sensum
255 2230 459 2290 controversia
469 2235 633 2298 &mentem
642 2230 771 2313 petentis
775 2233 983 2309 juramentum,

28 2331 62 2370 oe
86 2330 107 2368 ο
123 2321 186 2369 ant.
694 2331 696 2336 ’

63 2331 159 2447 illu.
181 2389 248 2468 Obj.
269 2388 400 2462 Licitum
414 2401 461 2466 est
481 2389 637 2468 aliquando
658 2387 739 2468 loqui
753 2408 820 2449 cum
834 2390 984 2468 amphibo-

28 2469 128 2546 logia;
143 2488 214 2546 ergo
227 2469 341 2528 licitum
355 2479 402 2528 est
415 2469 573 2547 aliquando
584 2468 630 2540 sic
639 2472 750 2559 Jurare.

67 2549 110 2608 R.
132 2547 220 2626 Nego
236 2568 324 2607 conse
346 2545 457 2607 .Ratio
471 2545 649 2626 disparitatis
664 2560 719 2618 est,
733 2547 815 2626 qudd
824 2548 863 2609 sd
875 2549 982 2608 verite·

29 2640 92 2686 tem
109 2627 267 2688 locutionis
281 2647 295 2687 s
317 2687 335 2708 ἡ
344 2627 412 2696 ciat
422 2627 604 2700 locutionem
617 2645 683 2688 esse
696 2627 875 2688 conformem
889 2627 982 2687 menti

29 2707 188 2786 loquentis
196 2713 214 2776 ;'
228 2707 281 2768 sed
293 2707 331 2766 sd
345 2707 499 2766 veritatem
509 2707 671 2786 Juramenti
684 2708 803 2800 insuper
817 2707 984 2790 requiritur,

28 2799 63 2846 ut
88 2789 294 2864 juramentum
317 2786 357 2846 sit
379 2787 528 2856 conform
550 2786 643 2846 menti
669 2787 799 2866 petentis
822 2787 903 2856 illud,
918 2787 986 2866 quio

19 2869 232 2943 juramentum
241 2865 337 2940 'debat
349 2885 414 2926 esse
428 2865 493 2924 finis
507 2866 601 2926 omnis
612 2863 817 2927 controversia
831 2887 841 2925 r
857 2869 919 2946 jam
932 2885 984 2925 au·
1015 2883 1018 2890 ⁴

27 2957 95 3007 tem
110 2945 311 3006 controversie
333 2965 386 3024 per
411 2945 470 3004 tole
486 2949 686 3024 juramentum
708 2965 767 3004 non
780 2945 912 3006 liniretur
932 2945 986 3006 sed

25 3036 178 3094 maneret,
194 3044 263 3084 nam
276 3027 385 3084 veritas
399 3035 587 3084 controversa
600 3045 659 3084 non
671 3025 892 3086 confirmaretur
901 3028 982 3104 juru-

26 3115 147 3174 mento‚
165 3104 288 3164 sedalis
301 3103 502 3181 impertinens.
939 3107 941 3111 ’

71 3183 129 3242 ΙΧ.
150 3183 295 3246 Instatis:
314 3197 316 3203 “
335 3184 367 3242 ui
380 3183 613 3262 amphibologice
627 3181 807 3253 locutusest,
829 3195 931 3262 potest
943 3185 988 3244 di-.

27 3283 104 3328 cere
115 3267 141 3327 ἃ
152 3265 261 3340 jurare,
276 3281 308 3322 se
316 3205 430 3322 dixisse
443 3263 620 3331 veritatem
638 3281 717 3341 ergo,
726 3268 778 3322 &c

74 3343 113 3402 R.
135 3342 205 3402 Non
217 3353 318 3420 potest
332 3343 431 3408 dicere
445 3363 500 3405 nec
511 3347 619 3421 jurare,
633 3360 666 3401 se
689 3342 799 3401 dixisse
811 3342 986 3414 ueritatem,

30 3441 89 3500 per
110 3440 201 3499 quom
221 3421 339 3480 finiatur
353 3423 570 3490 controversiar
591 3419 671 3500 quod
688 3432 787 3481 temen
805 3422 987 3500 requiriturr

31 3520 104 3558 nam
118 3499 281 3559 hodiedum
297 3501 481 3560 tJudicibus
496 3521 553 3560 non
568 3501 643 3560 solet
669 3500 754 3560 aliter
782 3501 852 3584 peti,
876 3503 932 3560 nisi
953 3511 987 3561 ut

22 3584 125 3656 jures,
141 3592 173 3640 te
187 3580 346 3640 veritatem
355 3581 465 3640 dixisse
484 3580 531 3639 vel
547 3579 714 3648 dicturumg
736 3575 868 3658 adeoque
886 3581 987 3640 hodie·

26 3660 107 3718 dum
117 3659 294 3722 illuderetur
307 3659 440 3720 omnibus
454 3660 474 3718 J
475 3659 609 3719 udicibus
620 3677 673 3737 per
687 3661 763 3718 hauc
773 3671 876 3718 artem.

78 3739 113 3798 X.
135 3739 205 3817 Obj.
221 3739 292 3818 Cep.
315 3739 476 3798 “humanus
487 3739 598 3809 sures‚”
609 3741 807 3815 oeusewuq.
821 3741 850 3796 5.
864 3755 926 3815 esp.
944 3739 988 3796 ll.

25 3818 228 3896 desumptum
238 3820 326 3880 eus.
342 3817 496 3897 Gregorio.
616 3815 618 3822 ’
882 3819 886 3826 “
902 3821 907 3828 “
