2246 4096
340 227 382 269 oa
402 227 612 272 ruaauauro.
899 211 959 272 181

18 370 333 450 semarejuramentum,
347 370 556 432 &contrahere
567 367 793 439 matrimonium,
805 385 841 431 ac
851 381 954 456 postea

18 453 83 510 intra
94 447 232 510 bimestre
246 449 361 530 ingredi
376 449 572 528 Religionem.

48 527 105 588 Alii
113 529 220 590 docent
230 529 287 589 hoo
297 547 368 589 casu
376 527 449 590 illud
458 529 726 608 juramentum'non
736 527 875 606 obligare,
888 529 957 608 quia

18 607 210 669 subintellecta
222 608 280 668 fuit
293 607 436 702 implicita
445 609 510 668 haec
524 607 654 668 conditio
664 607 827 668 secundnm
840 610 956 688 subjec-

19 701 68 748 tam
80 689 250 750 materiam:
264 695 282 724 ‘¹
292 688 348 747 nist
363 698 472 748 statum
487 687 650 767 Religionis
661 687 870 764 assumpsero.”

48 765 96 828 vt
110 766 257 846 objicitur
267 786 332 846 cap
346 767 568 832 “Commissum
583 767 620 828 de
637 766 850 846 sponsalibus‚”
866 763 958 833 Alex,

19 845 63 906 111.
71 845 119 906 ubi
129 845 212 918 dicit,
223 846 317 907 tutius
325 867 390 906 esse
402 845 557 924 Religione
563 845 725 926 juramenti
735 845 861 922 servata,
874 846 959 924 priris

18 925 178 987 contrahere
191 925 419 990 matrimonium.
460 925 548 1005 Ergo,
563 931 615 987 &a

48 1003 112 1062 VII.
133 1005 171 1064 R.
192 1005 266 1066 Inde
279 1005 352 1064 nihil
373 1005 483 1066 deduci
496 1015 604 1084 potest,
628 1003 685 1064 nisi
699 1002 779 1083 qudd
803 1003 957 1066 consilium

19 1083 156 1144 Pontificio
168 1083 259 1144 fiterit
269 1096 388 1178 propter
397 1085 633 1164 probabilitatem
646 1084 724 1146 forte
735 1083 887 1164 utriusque
897 1085 958 1163 opi-

19 1162 120 1302 ιιίοηΙΞ,ΙΙ
131 1163 243 1244 eligere
258 1184 376 1224 ommno
398 1164 507 1224 tutius:
531 1169 557 1222 dr
570 1163 635 1231 haec
649 1163 790 1223 resolutio
814 1165 896 1224 certe
911 1183 958 1224 se·

20 1262 82 1322 quen
120 1284 129 1314 ,
145 1243 263 1324 quando
275 1254 455 1304 concurrunt
467 1243 532 1310 aliae
545 1243 684 1314 rationes,
697 1263 726 1302 r.
736 1263 763 1322 g.
773 1241 958 1324 legitimandi

20 1319 124 1401 prolem,
139 1321 269 1384 evitandi
283 1321 441 1392 infamiam,
457 1323 606 1392 damnum,
620 1327 672 1383 &a

51 1399 132 1460 VIII.
154 1401 194 1460 Ii.
217 1404 262 1461 2⁰.
283 1401 363 1490 qudd
376 1413 482 1481 agatur
496 1402 534 1462 de
548 1421 628 1472 casu,
651 1421 710 1481 quo
724 1400 780 1474 iste
794 1420 852 1462 non
867 1413 959 1462 statu·

20 1491 70 1540 erat
82 1480 199 1560 ingredi
223 1481 419 1620 Religionem,
442 1481 495 1542 sed
508 1481 700 1551 deliberabat,
721 1485 747 1539 dr
765 1483 826 1560 jam
841 1493 958 1575 tempus

19 1559 120 1630 biennii,
133 1560 213 1621 intra
223 1581 281 1640 quo
311 1563 485 1622 contrahere
494 1561 676 1640 promiserat,
688 1560 858 1639 expirabat:
870 1562 964 1639 igitur

20 1650 44 1697 ut
56 1651 153 1716 posset
167 1639 266 1700 adhuc
279 1641 387 1702 lucrari
400 1639 542 1701 bimestre
555 1639 594 1700 ad
607 1640 820 1712 resolvendum,
835 1645 861 1698 ἃ
874 1652 909 1700 ut
922 1641 959 1698 si-

20 1717 68 1776 mul
81 1718 268 1780 satisfaceret
277 1721 455 1814 juramento,
470 1718 609 1780 Pontifex
622 1719 665 1779 ita
678 1719 806 1779 resolvit.
827 1719 863 1778 Id
877 1719 959 1778 innu-

21 1798 66 1855 itur
75 1797 104 1858 in
113 1797 226 1892 Texta,
242 1797 291 1859 'trbr
301 1800 436 1894 additur:
451 1811 562 1880 postea,
577 1807 596 1837 ‘⁶
606 1799 631 1859 si
642 1797 781 1884 elegerit'’
795 1798 834 1858 ad
849 1799 961 1878 Religi-

21 1897 96 2015 mppr·
105 1897 258 2018 pffipr
267 1878 730 2038 Jdldlddllddhommimtonum
743 1956 807 2016 fieri
821 1968 961 2018 censetur

21 2037 62 2094 sub
75 2037 303 2109 conditionibus,
327 2057 392 2117 quae
406 2037 666 2116 subintelliguntur
680 2037 823 2116 implicite
837 2037 867 2096 in
882 2056 960 2097 com·

20 2115 234 2186 minationibus;
257 2115 405 2188 nimirum,
419 2115 475 2176 nIsi
488 2117 655 2177 humilitate
669 2117 719 2176 rel
731 2115 817 2176 aliter
831 2115 961 2176 animum

20 2214 100 2254 meum
110 2195 286 2274 placaveris,
297 2195 353 2262 nisi
361 2197 483 2261 meritus
491 2195 582 2256 ureris
591 2195 802 2265 remissionem,
813 2206 866 2255 aut
876 2195 962 2254 aliter

21 2273 208 2344 satisfeceris;
229 2275 302 2335 item
316 2275 340 2336 si
352 2275 509 2356 castigatio
519 2285 689 2356 perseveret
703 2293 769 2336 esse
780 2273 860 2334 utilis
874 2275 962 2334 &lab-

20 2366 97 2425 nesta,
113 2358 172 2415 &a
184 2355 232 2415 vel
247 2355 284 2415 de
298 2355 412 2415 meliori
425 2357 511 2424 bono,
527 2355 596 2434 quia
609 2355 669 2424 tale
678 2357 879 2434 juramentum
894 2373 962 2414 cen·

21 2445 245 2572 Ξεῐάιιὸεῧεόεθέἓτ
259 2453 290 2494 se
305 2446 385 2496 stans
407 2433 611 2514 obligatorium
635 2446 775 2514 respectu
788 2431 878 2493 solius
892 2431 962 2493 Dei.

40 2533 47 2569 l
67 2555 74 2570 .
151 2555 160 2571 ·
234 2556 242 2572 ο

51 2591 83 2650 II.
103 2591 166 2652 His
179 2593 273 2654 modis
295 2605 434 2674 parentes
456 2591 668 2661 comminantes
689 2591 865 2674 quandoque
888 2591 962 2672 proli

22 2691 69 2730 rute
83 2673 211 2732 verbera
225 2672 430 2752 imprudenter
443 2693 512 2734 curn
530 2675 707 2752 juramento,
727 2687 850 2754 possunt
871 2691 962 2732 excu-

22 2749 66 2808 sari
101 2749 261 2832 nandoque
276 2752 294 2811 a
306 2753 443 2840 perjurio,
458 2753 483 2812 si
497 2771 556 2812 non
569 2752 732 2832 perficiant.

52 2771 101 2889 llll.
110 2829 235 2890 Lessius
244 2831 295 2892 lib.
308 2833 336 2890 2.
351 2853 377 2892 c.
387 2835 434 2898 42.
449 2832 516 2891 dt.
529 2831 650 2891 resolvit
664 2827 802 2892 deradit
812 2831 961 2912 juramen·

22 2907 84 2967 tiss.
97 2929 127 2988 g.
142 2929 202 2968 non
216 2909 388 2990 egrediendi
403 2911 490 2971 domo
515 2909 613 2980 hodie,
632 2931 691 2971 non
712 2910 889 2979 ambulandi,
910 2915 963 2970 &c-

23 2987 90 3065 qubd
99 2991 208 3068 jurans
221 2991 315 3068 possit
329 3007 365 3050 ea
378 2991 434 3050 sibl
448 2990 601 3051 remittere
611 3009 654 3050 ex
663 2991 719 3050 hac
732 2990 865 3050 ratione:
893 2988 962 3068 quia

23 3087 50 3126 ea
61 3068 133 3129 fecit
149 3068 179 3127 in
192 3069 322 3129 favorem
332 3072 393 3140 sui,
407 3089 466 3130 non
479 3069 611 3140 alterius,
625 3070 674 3130 cui
687 3069 779 3130 favori
801 3079 901 3148 potest
912 3087 963 3129 aa·

23 3147 89 3217 dere,
104 3152 132 3208 81
149 3147 225 3227 qnia,
240 3149 290 3219 ait,
301 3149 507 3210 subintellecta
520 3160 660 3210 censetur
672 3149 737 3208 haec
746 3147 891 3208 conditio:
905 3147 963 3206 nisi

24 3237 165 3288 mutavero
188 3227 389 3289 voluntatem:
420 3229 474 3293 sed
495 3228 565 3288 huit
586 3227 705 3288 laxitati*
726 3247 784 3286 non
805 3226 965 3288 subscribit

23 3305 77 3364 ant
91 3306 136 3367 sic
151 3306 282 3367 enimait
304 3307 412 3368 Suarez
433 3309 501 3367 348.
523 3307 616 3367 inania
640 3307 757 3367 vittatis
781 3317 861 3367 esset
882 3303 965 3386 jura-¹

25 3395 156 3455 mentum,
171 3387 250 3465 quod
263 3397 363 3447 tamen
377 3387 408 3446 in
421 3387 546 3457 casibus,
561 3386 586 3446 si
609 3387 734 3447 materia
747 3386 786 3446 sit
799 3404 901 3465 capax,
915 3401 965 3445 va·

27 3463 73 3524 lide
86 3464 200 3526 factum
215 3483 281 3527 esse
296 3468 470 3546 supponitur
492 3467 531 3530 ad
551 3467 722 3528 firmandam
740 3465 923 3530 uoluntatem
940 3469 967 3522 tr
999 3501 1004 3514 =

26 3541 181 3603 libertatem
194 3544 273 3606 illam
287 3547 421 3606 mutandi
435 3545 490 3607 sibi
503 3543 741 3618 subtrahendam,
753 3544 888 3624 adebqus
901 3561 966 3606 cerr·¹

27 3621 59 3680 sio
65 3623 140 3701 Juris
155 3623 200 3682 sui
215 3625 336 3687 exclusa
350 3636 405 3686 est

55 3701 137 3762 Idem
152 3703 200 3762 dic
215 3704 252 3765 de
262 3707 430 3785 juramento
451 3725 510 3766 non
532 3705 680 3766 vendendi
703 3703 832 3776 minoris,
847 3703 894 3763 vel
908 3721 969 3762 noa

27 3781 132 3846 emendi
146 3783 253 3860 pluris.'
959 3779 962 3788 ’

57 3860 229 3922 Juramenta
253 3863 457 3928 Mercatorum
481 3863 555 3923 saled
579 3863 751 3943 jurantium,
778 3879 892 3922 merces
912 3859 967 3919 sibi

12 4029 14 4067 ,
28 3941 90 3999 tanti
104 3942 151 4001 vel
165 3942 258 4022 pluris
272 3955 416 4014 constare,
432 3955 501 4004 sunt
509 3944 596 4022 plana
606 3942 742 4022 perjuria
764 3941 888 4001 Billuart
898 3941 967 4008 355,
