<?xml version="1.0" encoding="UTF-8"?>
<!DOCTYPE html PUBLIC "-//W3C//DTD XHTML 1.0 Transitional//EN"
    "http://www.w3.org/TR/xhtml1/DTD/xhtml1-transitional.dtd">
<html xmlns="http://www.w3.org/1999/xhtml" xml:lang="en" lang="en">
 <head>
  <title>
</title>
<meta http-equiv="Content-Type" content="text/html;charset=utf-8" />
  <meta name='ocr-system' content='tesseract 3.04.00' />
  <meta name='ocr-capabilities' content='ocr_page ocr_carea ocr_par ocr_line ocrx_word'/>
</head>
<body>
  <div class='ocr_page' id='page_1' title='image "./theologiamorali04densgoog_0419.png"; bbox 0 0 2254 4072; ppageno 0'>
   <div class='ocr_carea' id='block_1_1' title="bbox 126 107 1087 1520">
    <p class='ocr_par' dir='ltr' id='par_1_1' title="bbox 126 107 1087 1520">
     <span class='ocr_line' id='line_1_1' title="bbox 126 107 656 166; baseline 0 -2"><span class='ocrx_word' id='word_1_1' title='bbox 126 107 185 164; x_wconf 78' lang='lat'><strong>412</strong></span> <span class='ocrx_word' id='word_1_2' title='bbox 547 125 656 166; x_wconf 80' lang='lat' dir='ltr'><strong>runnx.</strong></span> 
     </span>
     <span class='ocr_line' id='line_1_2' title="bbox 127 203 1082 246; baseline 0.001 -3"><span class='ocrx_word' id='word_1_3' title='bbox 127 203 207 245; x_wconf 76' lang='lat' dir='ltr'><strong>uuir.</strong></span> <span class='ocrx_word' id='word_1_4' title='bbox 1014 206 1082 246; x_wconf 72' lang='lat' dir='ltr'><strong>nno.</strong></span> 
     </span>
     <span class='ocr_line' id='line_1_3' title="bbox 128 263 1007 344; baseline 0.002 -22"><span class='ocrx_word' id='word_1_5' title='bbox 128 266 184 322; x_wconf 85' lang='grc'><strong>150</strong></span> <span class='ocrx_word' id='word_1_6' title='bbox 205 265 255 323; x_wconf 90' lang='lat' dir='ltr'><strong>An</strong></span> <span class='ocrx_word' id='word_1_7' title='bbox 278 263 390 342; x_wconf 86' lang='lat' dir='ltr'><strong>obliget</strong></span> <span class='ocrx_word' id='word_1_8' title='bbox 403 267 606 341; x_wconf 84' lang='lat' dir='ltr'><strong>juramentum</strong></span> <span class='ocrx_word' id='word_1_9' title='bbox 625 266 663 326; x_wconf 89' lang='lat' dir='ltr'><strong>de</strong></span> <span class='ocrx_word' id='word_1_10' title='bbox 684 277 756 326; x_wconf 83' lang='lat' dir='ltr'><strong>actu</strong></span> <span class='ocrx_word' id='word_1_11' title='bbox 773 277 876 328; x_wconf 88' lang='lat' dir='ltr'><strong>contra</strong></span> <span class='ocrx_word' id='word_1_12' title='bbox 893 267 1007 344; x_wconf 83' lang='lat' dir='ltr'><strong>legem,</strong></span> 
     </span>
     <span class='ocr_line' id='line_1_4' title="bbox 242 343 1082 414; baseline 0.001 -12"><span class='ocrx_word' id='word_1_13' title='bbox 242 343 422 413; x_wconf 77' lang='lat' dir='ltr'><strong>mandatum,</strong></span> <span class='ocrx_word' id='word_1_14' title='bbox 437 355 612 414; x_wconf 84' lang='lat' dir='ltr'><strong>autvotum,</strong></span> <span class='ocrx_word' id='word_1_15' title='bbox 1031 347 1082 403; x_wconf 75' lang='lat'><strong>182</strong></span> 
     </span>
     <span class='ocr_line' id='line_1_5' title="bbox 204 421 1084 501; baseline 0 -21"><span class='ocrx_word' id='word_1_16' title='bbox 204 421 410 482; x_wconf 84' lang='lat' dir='ltr'><strong>Juramentum</strong></span> <span class='ocrx_word' id='word_1_17' title='bbox 424 423 539 501; x_wconf 88' lang='lat' dir='ltr'>prodigi</span> <span class='ocrx_word' id='word_1_18' title='bbox 552 444 590 482; x_wconf 84' lang='lat' dir='ltr'><strong>an</strong></span> <span class='ocrx_word' id='word_1_19' title='bbox 603 423 710 494; x_wconf 82' lang='lat' dir='ltr'><strong>valeat,</strong></span> <span class='ocrx_word' id='word_1_20' title='bbox 969 469 991 484; x_wconf 89' lang='lat'><strong>..</strong></span> <span class='ocrx_word' id='word_1_21' title='bbox 1047 425 1084 482; x_wconf 91' lang='lat' dir='ltr'><strong>ib.</strong></span> 
     </span>
     <span class='ocr_line' id='line_1_6' title="bbox 204 501 1085 573; baseline 0 -13"><span class='ocrx_word' id='word_1_22' title='bbox 204 501 413 560; x_wconf 87' lang='lat' dir='ltr'><strong>Juramentum</strong></span> <span class='ocrx_word' id='word_1_23' title='bbox 426 501 562 560; x_wconf 90' lang='lat' dir='ltr'><strong>illicitum</strong></span> <span class='ocrx_word' id='word_1_24' title='bbox 577 507 602 560; x_wconf 72' lang='lat' dir='ltr'><strong>u</strong></span> <span class='ocrx_word' id='word_1_25' title='bbox 616 503 755 573; x_wconf 81' lang='lat' dir='ltr'><strong>validum,</strong></span> <span class='ocrx_word' id='word_1_26' title='bbox 1030 505 1085 560; x_wconf 90' lang='grc'><strong>183</strong></span> 
     </span>
     <span class='ocr_line' id='line_1_7' title="bbox 128 581 1005 660; baseline 0.002 -22"><span class='ocrx_word' id='word_1_27' title='bbox 128 581 181 638; x_wconf 87' lang='grc'><strong>151</strong></span> <span class='ocrx_word' id='word_1_28' title='bbox 206 581 303 639; x_wconf 83' lang='lat' dir='ltr'><strong>Actus</strong></span> <span class='ocrx_word' id='word_1_29' title='bbox 317 591 420 639; x_wconf 86' lang='lat' dir='ltr'><strong>contra</strong></span> <span class='ocrx_word' id='word_1_30' title='bbox 429 583 630 658; x_wconf 87' lang='lat' dir='ltr'><strong>juramentum</strong></span> <span class='ocrx_word' id='word_1_31' title='bbox 645 582 803 660; x_wconf 83' lang='lat' dir='ltr'><strong>aliquando</strong></span> <span class='ocrx_word' id='word_1_32' title='bbox 817 593 864 642; x_wconf 87' lang='lat' dir='ltr'><strong>est</strong></span> <span class='ocrx_word' id='word_1_33' title='bbox 877 583 1005 651; x_wconf 80' lang='lat' dir='ltr'><strong>validus,</strong></span> 
     </span>
     <span class='ocr_line' id='line_1_8' title="bbox 244 659 1058 736; baseline 0.004 -19"><span class='ocrx_word' id='word_1_34' title='bbox 244 659 401 736; x_wconf 84' lang='lat' dir='ltr'><strong>aliquando</strong></span> <span class='ocrx_word' id='word_1_35' title='bbox 415 679 482 728; x_wconf 89' lang='lat' dir='ltr'><strong>non,</strong></span> <span class='ocrx_word' id='word_1_36' title='bbox 1051 661 1058 674; x_wconf 84' lang='lat'>’</span> 
     </span>
     <span class='ocr_line' id='line_1_9' title="bbox 206 737 859 818; baseline 0.009 -25"><span class='ocrx_word' id='word_1_37' title='bbox 206 737 311 796; x_wconf 75' lang='lat' dir='ltr'><strong>Valide</strong></span> <span class='ocrx_word' id='word_1_38' title='bbox 325 749 482 796; x_wconf 83' lang='lat' dir='ltr'><strong>revocatur</strong></span> <span class='ocrx_word' id='word_1_39' title='bbox 496 749 707 798; x_wconf 74' lang='lat' dir='ltr'><strong>tentamentum</strong></span> <span class='ocrx_word' id='word_1_40' title='bbox 717 744 859 818; x_wconf 85' lang='lat' dir='ltr'><strong>juratum,</strong></span> 
     </span>
     <span class='ocr_line' id='line_1_10' title="bbox 128 815 882 894; baseline 0.005 -20"><span class='ocrx_word' id='word_1_41' title='bbox 128 819 184 874; x_wconf 77' lang='lat'><strong>152</strong></span> <span class='ocrx_word' id='word_1_42' title='bbox 205 815 286 881; x_wconf 88' lang='lat' dir='ltr'><strong>Quid</strong></span> <span class='ocrx_word' id='word_1_43' title='bbox 295 815 384 876; x_wconf 85' lang='lat' dir='ltr'><strong>faciat</strong></span> <span class='ocrx_word' id='word_1_44' title='bbox 394 819 595 894; x_wconf 87' lang='lat' dir='ltr'><strong>juramentum</strong></span> <span class='ocrx_word' id='word_1_45' title='bbox 610 818 690 878; x_wconf 87' lang='lat' dir='ltr'><strong>circa</strong></span> <span class='ocrx_word' id='word_1_46' title='bbox 702 831 882 889; x_wconf 84' lang='lat' dir='ltr'><strong>contractus,</strong></span> 
     </span>
     <span class='ocr_line' id='line_1_11' title="bbox 128 895 820 976; baseline 0.006 -22"><span class='ocrx_word' id='word_1_47' title='bbox 128 898 184 954; x_wconf 89' lang='grc'><strong>153</strong></span> <span class='ocrx_word' id='word_1_48' title='bbox 204 895 410 956; x_wconf 83' lang='lat' dir='ltr'><strong>Juramentum</strong></span> <span class='ocrx_word' id='word_1_49' title='bbox 426 915 465 954; x_wconf 85' lang='lat' dir='ltr'><strong>ex</strong></span> <span class='ocrx_word' id='word_1_50' title='bbox 478 907 561 956; x_wconf 89' lang='lat' dir='ltr'><strong>metu</strong></span> <span class='ocrx_word' id='word_1_51' title='bbox 574 897 686 956; x_wconf 86' lang='lat' dir='ltr'><strong>factum</strong></span> <span class='ocrx_word' id='word_1_52' title='bbox 701 898 820 976; x_wconf 81' lang='lat' dir='ltr'><strong>obligat,</strong></span> 
     </span>
     <span class='ocr_line' id='line_1_12' title="bbox 203 974 917 1055; baseline 0.001 -21"><span class='ocrx_word' id='word_1_53' title='bbox 203 974 224 1034; x_wconf 92' lang='lat' dir='ltr'>J</span> <span class='ocrx_word' id='word_1_54' title='bbox 226 985 409 1034; x_wconf 86' lang='lat' dir='ltr'><strong>uramentum</strong></span> <span class='ocrx_word' id='word_1_55' title='bbox 423 975 568 1034; x_wconf 89' lang='lat' dir='ltr'><strong>redeundi</strong></span> <span class='ocrx_word' id='word_1_56' title='bbox 581 977 620 1034; x_wconf 86' lang='lat' dir='ltr'><strong>ad</strong></span> <span class='ocrx_word' id='word_1_57' title='bbox 633 997 783 1036; x_wconf 82' lang='lat' dir='ltr'><strong>carcerem</strong></span> <span class='ocrx_word' id='word_1_58' title='bbox 798 977 917 1055; x_wconf 70' lang='lat' dir='ltr'><strong>obligat,</strong></span> 
     </span>
     <span class='ocr_line' id='line_1_13' title="bbox 128 1053 1009 1132; baseline 0.002 -20"><span class='ocrx_word' id='word_1_59' title='bbox 128 1056 184 1112; x_wconf 82' lang='lat'><strong>154</strong></span> <span class='ocrx_word' id='word_1_60' title='bbox 204 1053 414 1112; x_wconf 77' lang='lat' dir='ltr'><strong>loramentum</strong></span> <span class='ocrx_word' id='word_1_61' title='bbox 428 1073 553 1132; x_wconf 83' lang='lat' dir='ltr'><strong>vergens</strong></span> <span class='ocrx_word' id='word_1_62' title='bbox 567 1055 598 1112; x_wconf 90' lang='lat' dir='ltr'><strong>in</strong></span> <span class='ocrx_word' id='word_1_63' title='bbox 622 1056 801 1116; x_wconf 84' lang='lat' dir='ltr'><strong>deteriorem</strong></span> <span class='ocrx_word' id='word_1_64' title='bbox 815 1058 931 1116; x_wconf 82' lang='lat' dir='ltr'><strong>exitum</strong></span> <span class='ocrx_word' id='word_1_65' title='bbox 944 1075 1009 1115; x_wconf 89' lang='lat' dir='ltr'><strong>non</strong></span> 
     </span>
     <span class='ocr_line' id='line_1_14' title="bbox 245 1132 366 1210; baseline 0.006 -19"><span class='ocrx_word' id='word_1_66' title='bbox 245 1132 366 1210; x_wconf 85' lang='lat' dir='ltr'><strong>obligat,</strong></span> 
     </span>
     <span class='ocr_line' id='line_1_15' title="bbox 204 1212 796 1283; baseline 0.005 -12"><span class='ocrx_word' id='word_1_67' title='bbox 204 1212 411 1271; x_wconf 67' lang='lat' dir='ltr'><strong>,iuramentum</strong></span> <span class='ocrx_word' id='word_1_68' title='bbox 425 1213 594 1272; x_wconf 82' lang='lat' dir='ltr'><strong>occultandi</strong></span> <span class='ocrx_word' id='word_1_69' title='bbox 607 1213 796 1283; x_wconf 83' lang='lat' dir='ltr'><strong>medicinam,</strong></span> 
     </span>
     <span class='ocr_line' id='line_1_16' title="bbox 130 1291 1010 1369; baseline 0.005 -21"><span class='ocrx_word' id='word_1_70' title='bbox 130 1291 186 1348; x_wconf 90' lang='grc'><strong>155</strong></span> <span class='ocrx_word' id='word_1_71' title='bbox 207 1291 414 1350; x_wconf 84' lang='lat' dir='ltr'><strong>Joranrentum</strong></span> <span class='ocrx_word' id='word_1_72' title='bbox 439 1310 508 1350; x_wconf 89' lang='lat' dir='ltr'><strong>cum</strong></span> <span class='ocrx_word' id='word_1_73' title='bbox 535 1292 702 1369; x_wconf 84' lang='lat' dir='ltr'><strong>ignorantia</strong></span> <span class='ocrx_word' id='word_1_74' title='bbox 728 1295 775 1351; x_wconf 90' lang='lat' dir='ltr'><strong>vel</strong></span> <span class='ocrx_word' id='word_1_75' title='bbox 802 1312 900 1352; x_wconf 86' lang='lat' dir='ltr'><strong>errore</strong></span> <span class='ocrx_word' id='word_1_76' title='bbox 915 1291 1010 1367; x_wconf 67' lang='lat' dir='ltr'><strong>‚circa</strong></span> 
     </span>
     <span class='ocr_line' id='line_1_17' title="bbox 246 1369 1085 1448; baseline 0.001 -21"><span class='ocrx_word' id='word_1_77' title='bbox 246 1369 440 1428; x_wconf 79' lang='lat' dir='ltr'><strong>substantiam</strong></span> <span class='ocrx_word' id='word_1_78' title='bbox 453 1390 512 1428; x_wconf 90' lang='lat' dir='ltr'><strong>non</strong></span> <span class='ocrx_word' id='word_1_79' title='bbox 526 1371 645 1448; x_wconf 75' lang='lat' dir='ltr'><strong>obligat,</strong></span> <span class='ocrx_word' id='word_1_80' title='bbox 1031 1373 1085 1428; x_wconf 86' lang='lat'><strong>188</strong></span> 
     </span>
     <span class='ocr_line' id='line_1_18' title="bbox 207 1449 1087 1520; baseline -0.002 -12"><span class='ocrx_word' id='word_1_81' title='bbox 207 1449 227 1508; x_wconf 88' lang='lat' dir='ltr'>J</span> <span class='ocrx_word' id='word_1_82' title='bbox 230 1459 415 1508; x_wconf 84' lang='lat' dir='ltr'><strong>uramentum</strong></span> <span class='ocrx_word' id='word_1_83' title='bbox 429 1449 541 1508; x_wconf 84' lang='lat' dir='ltr'><strong>factum</strong></span> <span class='ocrx_word' id='word_1_84' title='bbox 557 1450 732 1510; x_wconf 83' lang='lat' dir='ltr'><strong>Gabaiinitis</strong></span> <span class='ocrx_word' id='word_1_85' title='bbox 745 1450 803 1509; x_wconf 87' lang='lat' dir='ltr'><strong>fuit</strong></span> <span class='ocrx_word' id='word_1_86' title='bbox 816 1450 954 1520; x_wconf 85' lang='lat' dir='ltr'><strong>validum,</strong></span> <span class='ocrx_word' id='word_1_87' title='bbox 1050 1451 1087 1508; x_wconf 89' lang='lat' dir='ltr'><strong>ib.</strong></span> 
     </span>
    </p>
   </div>
   <div class='ocr_carea' id='block_1_2' title="bbox 307 1686 909 1748">
    <p class='ocr_par' dir='ltr' id='par_1_2' title="bbox 307 1686 909 1748">
     <span class='ocr_line' id='line_1_19' title="bbox 307 1686 909 1748; baseline 0.005 -5"><span class='ocrx_word' id='word_1_88' title='bbox 307 1686 366 1744; x_wconf 90' lang='lat' dir='ltr'><strong>DE</strong></span> <span class='ocrx_word' id='word_1_89' title='bbox 385 1687 654 1748; x_wconf 85' lang='lat' dir='ltr'>JURAMENTO</span> <span class='ocrx_word' id='word_1_90' title='bbox 677 1688 909 1748; x_wconf 86' lang='lat' dir='ltr'><strong>SIMULATO.</strong></span> 
     </span>
    </p>
   </div>
   <div class='ocr_carea' id='block_1_3' title="bbox 124 1843 1120 2714">
    <p class='ocr_par' dir='ltr' id='par_1_3' title="bbox 124 1843 1120 2714">
     <span class='ocr_line' id='line_1_20' title="bbox 131 1843 1007 1924; baseline 0.005 -22"><span class='ocrx_word' id='word_1_91' title='bbox 131 1847 186 1902; x_wconf 86' lang='grc'><strong>156</strong></span> <span class='ocrx_word' id='word_1_92' title='bbox 207 1843 414 1903; x_wconf 78' lang='lat' dir='ltr'><strong>loramentum</strong></span> <span class='ocrx_word' id='word_1_93' title='bbox 433 1845 497 1905; x_wconf 71' lang='lat' dir='ltr'><strong>sine</strong></span> <span class='ocrx_word' id='word_1_94' title='bbox 511 1846 662 1907; x_wconf 81' lang='lat' dir='ltr'><strong>voluntate</strong></span> <span class='ocrx_word' id='word_1_95' title='bbox 677 1846 818 1924; x_wconf 88' lang='lat' dir='ltr'><strong>implendi</strong></span> <span class='ocrx_word' id='word_1_96' title='bbox 832 1858 878 1906; x_wconf 87' lang='lat' dir='ltr'><strong>est</strong></span> <span class='ocrx_word' id='word_1_97' title='bbox 893 1847 1007 1924; x_wconf 81' lang='lat' dir='ltr'><strong>obliga-</strong></span> 
     </span>
     <span class='ocr_line' id='line_1_21' title="bbox 249 1922 365 1992; baseline 0.007 -12"><span class='ocrx_word' id='word_1_98' title='bbox 249 1922 365 1992; x_wconf 89' lang='lat' dir='ltr'><strong>torium,</strong></span> 
     </span>
     <span class='ocr_line' id='line_1_22' title="bbox 124 2001 1120 2088; baseline 0.002 -28"><span class='ocrx_word' id='word_1_99' title='bbox 124 2037 128 2044; x_wconf 57' lang='lat'><em>1</em></span> <span class='ocrx_word' id='word_1_100' title='bbox 207 2001 415 2062; x_wconf 79' lang='lat' dir='ltr'><strong>loramentum</strong></span> <span class='ocrx_word' id='word_1_101' title='bbox 430 2003 493 2062; x_wconf 72' lang='lat' dir='ltr'><strong>sine</strong></span> <span class='ocrx_word' id='word_1_102' title='bbox 507 2003 658 2064; x_wconf 86' lang='lat' dir='ltr'><strong>voluntate</strong></span> <span class='ocrx_word' id='word_1_103' title='bbox 683 2025 715 2064; x_wconf 81' lang='lat' dir='ltr'><strong>ae</strong></span> <span class='ocrx_word' id='word_1_104' title='bbox 730 2004 877 2084; x_wconf 80' lang='lat' dir='ltr'><strong>obligandi</strong></span> <span class='ocrx_word' id='word_1_105' title='bbox 892 2004 1008 2064; x_wconf 88' lang='lat' dir='ltr'><strong>factum</strong></span> <span class='ocrx_word' id='word_1_106' title='bbox 1119 2067 1120 2088; x_wconf 19' lang='grc' dir='ltr'>ἦ</span> 
     </span>
     <span class='ocr_line' id='line_1_23' title="bbox 246 2079 1120 2152; baseline 0.011 -16"><span class='ocrx_word' id='word_1_107' title='bbox 246 2079 357 2138; x_wconf 90' lang='lat' dir='ltr'><strong>homini</strong></span> <span class='ocrx_word' id='word_1_108' title='bbox 371 2093 418 2141; x_wconf 79' lang='lat' dir='ltr'><strong>ent</strong></span> <span class='ocrx_word' id='word_1_109' title='bbox 430 2082 568 2151; x_wconf 85' lang='lat' dir='ltr'><strong>validum,</strong></span> <span class='ocrx_word' id='word_1_110' title='bbox 1048 2082 1086 2152; x_wconf 85' lang='lat' dir='ltr'><strong>ib·</strong></span> <span class='ocrx_word' id='word_1_111' title='bbox 1119 2095 1120 2146; x_wconf 74' lang='grc' dir='ltr'>ἶ</span> 
     </span>
     <span class='ocr_line' id='line_1_24' title="bbox 131 2159 1120 2240; baseline 0.003 -23"><span class='ocrx_word' id='word_1_112' title='bbox 131 2161 185 2217; x_wconf 90' lang='grc'><strong>157</strong></span> <span class='ocrx_word' id='word_1_113' title='bbox 207 2159 415 2218; x_wconf 84' lang='lat' dir='ltr'><strong>Juramentum</strong></span> <span class='ocrx_word' id='word_1_114' title='bbox 439 2160 503 2219; x_wconf 76' lang='lat' dir='ltr'><strong>sine</strong></span> <span class='ocrx_word' id='word_1_115' title='bbox 518 2161 683 2222; x_wconf 85' lang='lat' dir='ltr'><strong>intentione</strong></span> <span class='ocrx_word' id='word_1_116' title='bbox 693 2163 813 2240; x_wconf 87' lang='lat' dir='ltr'><strong>jurandi</strong></span> <span class='ocrx_word' id='word_1_117' title='bbox 828 2163 939 2222; x_wconf 88' lang='lat' dir='ltr'><strong>factum</strong></span> <span class='ocrx_word' id='word_1_118' title='bbox 953 2163 1007 2220; x_wconf 91' lang='lat' dir='ltr'><strong>bo·</strong></span> <span class='ocrx_word' id='word_1_119' title='bbox 1119 2159 1120 2178; x_wconf 63' lang='lat'>¹</span> 
     </span>
     <span class='ocr_line' id='line_1_25' title="bbox 147 2237 1086 2315; baseline 0.005 -22"><span class='ocrx_word' id='word_1_120' title='bbox 147 2301 155 2312; x_wconf 18' lang='grc' dir='ltr'>ἢ</span> <span class='ocrx_word' id='word_1_121' title='bbox 246 2237 317 2294; x_wconf 88' lang='lat' dir='ltr'><strong>mini</strong></span> <span class='ocrx_word' id='word_1_122' title='bbox 329 2237 448 2315; x_wconf 87' lang='lat' dir='ltr'><strong>obligat,</strong></span> <span class='ocrx_word' id='word_1_123' title='bbox 690 2247 721 2301; x_wconf 84' lang='lat'><strong>.&#39;..</strong></span> <span class='ocrx_word' id='word_1_124' title='bbox 1030 2242 1086 2298; x_wconf 86' lang='lat'><strong>19⁰</strong></span> 
     </span>
     <span class='ocr_line' id='line_1_26' title="bbox 205 2315 1082 2394; baseline 0.002 -20"><span class='ocrx_word' id='word_1_125' title='bbox 205 2315 246 2374; x_wconf 86' lang='lat' dir='ltr'><strong>Et</strong></span> <span class='ocrx_word' id='word_1_126' title='bbox 260 2327 400 2393; x_wconf 85' lang='lat' dir='ltr'><strong>peocatur</strong></span> <span class='ocrx_word' id='word_1_127' title='bbox 413 2317 553 2394; x_wconf 84' lang='lat' dir='ltr'><strong>graviter,</strong></span> <span class='ocrx_word' id='word_1_128' title='bbox 1043 2321 1082 2378; x_wconf 92' lang='lat' dir='ltr'><strong>ib.</strong></span> 
     </span>
     <span class='ocr_line' id='line_1_27' title="bbox 130 2394 1082 2478; baseline 0 -24"><span class='ocrx_word' id='word_1_129' title='bbox 130 2397 186 2454; x_wconf 87' lang='grc'><strong>158</strong></span> <span class='ocrx_word' id='word_1_130' title='bbox 206 2394 320 2454; x_wconf 85' lang='lat' dir='ltr'><strong>Juram.</strong></span> <span class='ocrx_word' id='word_1_131' title='bbox 333 2416 401 2454; x_wconf 90' lang='lat' dir='ltr'><strong>cum</strong></span> <span class='ocrx_word' id='word_1_132' title='bbox 416 2398 601 2457; x_wconf 84' lang='lat' dir='ltr'><strong>restrictione</strong></span> <span class='ocrx_word' id='word_1_133' title='bbox 615 2399 737 2458; x_wconf 89' lang='lat' dir='ltr'><strong>mentali</strong></span> <span class='ocrx_word' id='word_1_134' title='bbox 752 2411 798 2458; x_wconf 88' lang='lat' dir='ltr'><strong>est</strong></span> <span class='ocrx_word' id='word_1_135' title='bbox 812 2400 982 2478; x_wconf 81' lang='lat' dir='ltr'><strong>perjurium,</strong></span> <span class='ocrx_word' id='word_1_136' title='bbox 1028 2400 1082 2455; x_wconf 88' lang='grc'><strong>191</strong></span> 
     </span>
     <span class='ocr_line' id='line_1_28' title="bbox 131 2475 1005 2556; baseline 0.002 -22"><span class='ocrx_word' id='word_1_137' title='bbox 131 2475 187 2534; x_wconf 88' lang='grc'><strong>159</strong></span> <span class='ocrx_word' id='word_1_138' title='bbox 207 2475 415 2534; x_wconf 85' lang='lat' dir='ltr'><strong>Juramentum</strong></span> <span class='ocrx_word' id='word_1_139' title='bbox 437 2496 505 2536; x_wconf 87' lang='lat' dir='ltr'><strong>cum</strong></span> <span class='ocrx_word' id='word_1_140' title='bbox 527 2478 744 2556; x_wconf 78' lang='lat' dir='ltr'><strong>amphibologia</strong></span> <span class='ocrx_word' id='word_1_141' title='bbox 764 2479 836 2537; x_wconf 89' lang='lat' dir='ltr'><strong>reali</strong></span> <span class='ocrx_word' id='word_1_142' title='bbox 859 2491 906 2541; x_wconf 77' lang='lat' dir='ltr'><strong>ent</strong></span> <span class='ocrx_word' id='word_1_143' title='bbox 920 2479 1005 2538; x_wconf 90' lang='lat' dir='ltr'><strong>illici-</strong></span> 
     </span>
     <span class='ocr_line' id='line_1_29' title="bbox 247 2555 1086 2633; baseline 0.01 -23"><span class='ocrx_word' id='word_1_144' title='bbox 247 2555 528 2633; x_wconf 75' lang='lat' dir='ltr'><strong>tum&amp;perjurium,</strong></span> <span class='ocrx_word' id='word_1_145' title='bbox 1030 2560 1086 2618; x_wconf 77' lang='lat'><strong>192</strong></span> 
     </span>
     <span class='ocr_line' id='line_1_30' title="bbox 209 2633 1086 2714; baseline 0.005 -24"><span class='ocrx_word' id='word_1_146' title='bbox 209 2633 339 2710; x_wconf 86' lang='lat' dir='ltr'><strong>Oportet</strong></span> <span class='ocrx_word' id='word_1_147' title='bbox 347 2637 448 2712; x_wconf 81' lang='lat' dir='ltr'><strong>jurare</strong></span> <span class='ocrx_word' id='word_1_148' title='bbox 463 2635 500 2694; x_wconf 87' lang='lat' dir='ltr'><strong>ad</strong></span> <span class='ocrx_word' id='word_1_149' title='bbox 515 2648 645 2695; x_wconf 88' lang='lat' dir='ltr'><strong>mentem</strong></span> <span class='ocrx_word' id='word_1_150' title='bbox 660 2636 798 2714; x_wconf 82' lang='lat' dir='ltr'><strong>petentis,</strong></span> <span class='ocrx_word' id='word_1_151' title='bbox 1032 2640 1086 2695; x_wconf 89' lang='grc'><strong>193</strong></span> 
     </span>
    </p>
   </div>
   <div class='ocr_carea' id='block_1_4' title="bbox 457 2873 758 2962">
    <p class='ocr_par' dir='ltr' id='par_1_4' title="bbox 457 2873 758 2962">
     <span class='ocr_line' id='line_1_31' title="bbox 457 2873 758 2962; baseline 0.003 -32"><span class='ocrx_word' id='word_1_152' title='bbox 457 2873 515 2930; x_wconf 82' lang='lat' dir='ltr'><strong>nu</strong></span> <span class='ocrx_word' id='word_1_153' title='bbox 539 2873 758 2962; x_wconf 72' lang='lat' dir='ltr'><strong>peninum.</strong></span> 
     </span>
    </p>
   </div>
   <div class='ocr_carea' id='block_1_5' title="bbox 131 3029 1083 3807">
    <p class='ocr_par' dir='ltr' id='par_1_5' title="bbox 131 3029 1083 3807">
     <span class='ocr_line' id='line_1_32' title="bbox 132 3029 1082 3108; baseline 0.004 -20"><span class='ocrx_word' id='word_1_154' title='bbox 132 3033 188 3088; x_wconf 87' lang='grc'><strong>160</strong></span> <span class='ocrx_word' id='word_1_155' title='bbox 209 3029 378 3088; x_wconf 85' lang='lat' dir='ltr'><strong>Divisiones</strong></span> <span class='ocrx_word' id='word_1_156' title='bbox 393 3031 522 3108; x_wconf 85' lang='lat' dir='ltr'><strong>perjurii,</strong></span> <span class='ocrx_word' id='word_1_157' title='bbox 888 3059 890 3064; x_wconf 96' lang='lat'>·</span> <span class='ocrx_word' id='word_1_158' title='bbox 1031 3037 1082 3092; x_wconf 78' lang='grc'><strong>194</strong></span> 
     </span>
     <span class='ocr_line' id='line_1_33' title="bbox 131 3109 1007 3189; baseline 0.008 -23"><span class='ocrx_word' id='word_1_159' title='bbox 131 3111 185 3166; x_wconf 91' lang='grc'><strong>161</strong></span> <span class='ocrx_word' id='word_1_160' title='bbox 209 3109 374 3187; x_wconf 87' lang='lat' dir='ltr'><strong>Perjurium</strong></span> <span class='ocrx_word' id='word_1_161' title='bbox 389 3129 427 3168; x_wconf 85' lang='lat' dir='ltr'><strong>ex</strong></span> <span class='ocrx_word' id='word_1_162' title='bbox 452 3110 572 3171; x_wconf 88' lang='lat' dir='ltr'><strong>defectu</strong></span> <span class='ocrx_word' id='word_1_163' title='bbox 596 3111 711 3170; x_wconf 90' lang='lat' dir='ltr'><strong>comitis</strong></span> <span class='ocrx_word' id='word_1_164' title='bbox 729 3112 861 3172; x_wconf 83' lang='lat' dir='ltr'><strong>veritatis</strong></span> <span class='ocrx_word' id='word_1_165' title='bbox 876 3123 922 3172; x_wconf 86' lang='lat' dir='ltr'><strong>est</strong></span> <span class='ocrx_word' id='word_1_166' title='bbox 935 3132 1007 3189; x_wconf 87' lang='lat' dir='ltr'><strong>pec·</strong></span> 
     </span>
     <span class='ocr_line' id='line_1_34' title="bbox 248 3190 1082 3258; baseline 0.002 -11"><span class='ocrx_word' id='word_1_167' title='bbox 248 3198 346 3247; x_wconf 83' lang='lat' dir='ltr'><strong>catum</strong></span> <span class='ocrx_word' id='word_1_168' title='bbox 361 3190 492 3258; x_wconf 83' lang='lat' dir='ltr'><strong>mortale,</strong></span> <span class='ocrx_word' id='word_1_169' title='bbox 1029 3195 1082 3250; x_wconf 87' lang='grc'><strong>196</strong></span> 
     </span>
     <span class='ocr_line' id='line_1_35' title="bbox 132 3267 1082 3346; baseline 0.003 -21"><span class='ocrx_word' id='word_1_170' title='bbox 132 3269 188 3325; x_wconf 76' lang='grc'><strong>169</strong></span> <span class='ocrx_word' id='word_1_171' title='bbox 209 3267 274 3326; x_wconf 90' lang='lat' dir='ltr'><strong>Nec</strong></span> <span class='ocrx_word' id='word_1_172' title='bbox 289 3267 375 3328; x_wconf 85' lang='lat' dir='ltr'><strong>datur</strong></span> <span class='ocrx_word' id='word_1_173' title='bbox 390 3268 418 3326; x_wconf 91' lang='lat' dir='ltr'><strong>in</strong></span> <span class='ocrx_word' id='word_1_174' title='bbox 434 3287 469 3328; x_wconf 88' lang='lat' dir='ltr'><strong>eo</strong></span> <span class='ocrx_word' id='word_1_175' title='bbox 480 3270 608 3346; x_wconf 84' lang='lat' dir='ltr'><strong>parvitas</strong></span> <span class='ocrx_word' id='word_1_176' title='bbox 622 3271 762 3338; x_wconf 83' lang='lat' dir='ltr'><strong>materiae,</strong></span> <span class='ocrx_word' id='word_1_177' title='bbox 1048 3273 1082 3330; x_wconf 94' lang='lat' dir='ltr'><strong>ib.</strong></span> 
     </span>
     <span class='ocr_line' id='line_1_36' title="bbox 131 3346 1007 3428; baseline 0.005 -24"><span class='ocrx_word' id='word_1_178' title='bbox 131 3347 187 3404; x_wconf 91' lang='grc'><strong>163</strong></span> <span class='ocrx_word' id='word_1_179' title='bbox 208 3346 383 3406; x_wconf 82' lang='lat' dir='ltr'><strong>Jurnmenta</strong></span> <span class='ocrx_word' id='word_1_180' title='bbox 406 3348 447 3406; x_wconf 88' lang='lat' dir='ltr'><strong>rei</strong></span> <span class='ocrx_word' id='word_1_181' title='bbox 470 3349 596 3428; x_wconf 69' lang='lat' dir='ltr'><strong>exigue,</strong></span> <span class='ocrx_word' id='word_1_182' title='bbox 617 3355 643 3406; x_wconf 78' lang='grc' dir='ltr'><strong>ὅι</strong></span> <span class='ocrx_word' id='word_1_183' title='bbox 665 3350 839 3410; x_wconf 71' lang='lat' dir='ltr'><strong>urbanitatis</strong></span> <span class='ocrx_word' id='word_1_184' title='bbox 860 3351 1007 3428; x_wconf 90' lang='lat' dir='ltr'><strong>quomodo</strong></span> 
     </span>
     <span class='ocr_line' id='line_1_37' title="bbox 247 3426 1083 3502; baseline 0.005 -20"><span class='ocrx_word' id='word_1_185' title='bbox 247 3426 387 3502; x_wconf 80' lang='lat' dir='ltr'><strong>obligent,</strong></span> <span class='ocrx_word' id='word_1_186' title='bbox 969 3475 1001 3496; x_wconf 80' lang='grc'><strong>,.,</strong></span> <span class='ocrx_word' id='word_1_187' title='bbox 1031 3432 1083 3486; x_wconf 89' lang='grc'><strong>199</strong></span> 
     </span>
     <span class='ocr_line' id='line_1_38' title="bbox 133 3503 1005 3584; baseline 0.008 -25"><span class='ocrx_word' id='word_1_188' title='bbox 133 3505 188 3560; x_wconf 77' lang='lat'><strong>164</strong></span> <span class='ocrx_word' id='word_1_189' title='bbox 211 3503 376 3578; x_wconf 88' lang='lat' dir='ltr'><strong>Perjurium</strong></span> <span class='ocrx_word' id='word_1_190' title='bbox 388 3524 425 3562; x_wconf 87' lang='lat' dir='ltr'><strong>ex</strong></span> <span class='ocrx_word' id='word_1_191' title='bbox 437 3505 556 3564; x_wconf 77' lang='lat' dir='ltr'><strong>defectu</strong></span> <span class='ocrx_word' id='word_1_192' title='bbox 567 3506 811 3584; x_wconf 84' lang='lat' dir='ltr'><strong>comitisjustitiae</strong></span> <span class='ocrx_word' id='word_1_193' title='bbox 823 3520 869 3567; x_wconf 85' lang='lat' dir='ltr'><strong>eat</strong></span> <span class='ocrx_word' id='word_1_194' title='bbox 880 3509 1005 3576; x_wconf 82' lang='lat' dir='ltr'><strong>mortale</strong></span> 
     </span>
     <span class='ocr_line' id='line_1_39' title="bbox 200 3583 1082 3662; baseline 0.008 -25"><span class='ocrx_word' id='word_1_195' title='bbox 200 3651 204 3658; x_wconf 24' lang='grc' dir='ltr'>ι</span> <span class='ocrx_word' id='word_1_196' title='bbox 249 3594 404 3656; x_wconf 83' lang='lat' dir='ltr'><strong>peceatum</strong></span> <span class='ocrx_word' id='word_1_197' title='bbox 419 3583 844 3662; x_wconf 84' lang='lat' dir='ltr'><strong>quandojuraturpeccatum‚</strong></span> <span class='ocrx_word' id='word_1_198' title='bbox 1025 3591 1082 3644; x_wconf 79' lang='lat'><strong>200</strong></span> 
     </span>
     <span class='ocr_line' id='line_1_40' title="bbox 201 3660 1005 3744; baseline 0.01 -30"><span class='ocrx_word' id='word_1_199' title='bbox 201 3660 270 3718; x_wconf 73' lang='lat' dir='ltr'><strong>&#39;Sed</strong></span> <span class='ocrx_word' id='word_1_200' title='bbox 298 3660 415 3738; x_wconf 85' lang='lat' dir='ltr'><strong>quando</strong></span> <span class='ocrx_word' id='word_1_201' title='bbox 425 3664 541 3736; x_wconf 82' lang='lat' dir='ltr'><strong>J&#39;uratur</strong></span> <span class='ocrx_word' id='word_1_202' title='bbox 554 3674 638 3722; x_wconf 84' lang='lat' dir='ltr'><strong>nctus</strong></span> <span class='ocrx_word' id='word_1_203' title='bbox 653 3664 833 3735; x_wconf 75' lang='lat' dir='ltr'><strong>indifferens,</strong></span> <span class='ocrx_word' id='word_1_204' title='bbox 848 3666 938 3744; x_wconf 79' lang='lat' dir='ltr'><strong>aliqui</strong></span> <span class='ocrx_word' id='word_1_205' title='bbox 953 3687 1005 3724; x_wconf 87' lang='lat' dir='ltr'><strong>ex·</strong></span> 
     </span>
     <span class='ocr_line' id='line_1_41' title="bbox 249 3739 1082 3807; baseline 0.007 -13"><span class='ocrx_word' id='word_1_206' title='bbox 249 3739 521 3807; x_wconf 73' lang='lat' dir='ltr'><strong>cusnntrimortali,</strong></span> <span class='ocrx_word' id='word_1_207' title='bbox 1048 3743 1082 3802; x_wconf 88' lang='lat' dir='ltr'><strong>ib.</strong></span> 
     </span>
    </p>
   </div>
   <div class='ocr_carea' id='block_1_6' title="bbox 0 0 1138 4072">
    <p class='ocr_par' dir='ltr' id='par_1_6' title="bbox 0 0 1138 4072">
     <span class='ocr_line' id='line_1_42' title="bbox 0 0 1138 4072; baseline 0 0"><span class='ocrx_word' id='word_1_208' title='bbox 0 0 1138 4072; x_wconf 95' lang='lat' dir='ltr'><strong> </strong></span> 
     </span>
    </p>
   </div>
  </div>
 </body>
</html>
