2244 4082
148 211 207 270 822
526 226 567 268 nn
588 225 733 268 resumo.

184 367 239 428 Vl.
263 368 405 438 Observa,
420 364 501 446 qubd
514 365 588 428 illud
607 351 754 446 Jeju'niurn
768 369 912 440 naturale,
933 370 1014 448 quod
1027 389 1099 449 prae-

143 447 251 528 cipitur
273 459 343 508 ante
369 445 567 525 sumptionem
595 446 801 520 Eucharistiae,
827 467 886 508 non
914 447 954 508 sit
981 451 1099 528 proprie

141 539 227 588 actus
240 527 359 587 virtutis
377 526 564 586 abstinentiae
577 527 625 585 vel
640 526 852 605 temperantiae,
876 528 932 588 sed
944 540 1031 588 actus
1045 529 1098 586 vir·

142 607 215 666 tutis
238 605 412 686 Religionis,
440 605 509 684 quia
531 605 700 684 praecipitur
724 608 761 666 ab
786 607 922 668 Ecclesia
945 609 983 668 ob
1010 609 1097 668 finem

138 686 315 759 reverentias
339 685 541 754 Sacramenti;
565 686 619 745 sed
628 685 775 764 jejunium
796 685 1034 748 ecclesiasticum
1056 703 1098 748 est

140 778 224 826 actus
238 765 357 825 virtutis
369 765 565 826 abstinentiae.

206 923 256 984 u.
286 926 357 984 sss
395 923 453 984 nn
473 885 651 984 assumo
673 923 1019 986 ncesssrssrrco.

138 1083 162 1140 1.
192 1081 345 1162 Murro.
384 1083 425 1142 11.
458 1081 651 1142 emautur
676 1101 712 1141 a
737 1083 829 1144 auus
849 1047 997 1164 param.
1043 1085 1093 1144 111.

211 1161 609 1242 Trr'plr'citerpeocaripotaat
649 1157 839 1240 IV.Jey'cnio
851 1163 1028 1242 imparficta.

178 1299 346 1387 QUID'est
355 1321 502 1400 jejunium
517 1309 750 1382 ecclesiasticum
759 1323 779 1381 i·

177 1401 201 1458 I.
226 1401 263 1460 R.
286 1401 342 1460 Est
356 1401 473 1463 ‘r‘certis
487 1399 591 1462 diebus
600 1403 689 1479 juxta
707 1420 819 1461 morem
840 1406 866 1460 ἃ
888 1402 1092 1480 praescriptum

138 1480 290 1550 Ecclesiae,
304 1481 453 1540 abstinere
466 1480 640 1550 bearnibus,
655 1482 709 1541 sub
723 1480 811 1541 unica
820 1481 849 1538 in
864 1480 1090 1550 dierefectione,

137 1571 208 1620 ante
221 1560 324 1620 boram
337 1571 556 1639 competentem
571 1579 629 1620 non
644 1559 814 1620 sumenda''

175 1639 215 1698 Π.
229 1639 325 1718 Igitur
335 1639 481 1718 jejunium
495 1637 742 1699 Ecclesiasticum
757 1639 890 1700 continet
903 1651 967 1698 tres
981 1651 1091 1718 partes;

137 1717 260 1790 scilicet,
285 1720 311 1776 l.
333 1719 544 1780 abstinentium
568 1717 586 1778 a
606 1718 767 1788 carnibus*
782 1720 837 1784 sub
862 1719 968 1797 quibus
987 1719 1091 1780 intelli-

135 1809 246 1876 guntur
259 1818 322 1868 ova,
337 1803 363 1857 ἃ
375 1798 532 1868 lacticinia,
548 1797 642 1876 quiae
656 1819 744 1858 carne
759 1797 901 1877 originem
910 1799 1035 1860 trahunt
1045 1823 1053 1868 ;
1065 1801 1090 1858 2.

135 1877 345 1940 abstinentiam
358 1878 376 1938 a
389 1877 522 1957 pluribus
535 1877 759 1947 refectionibus,
781 1889 889 1958 praeter
912 1877 1033 1940 unicam
1056 1899 1091 1937 ex

138 1957 203 2017 aliis
216 1957 317 2027 cibusr
330 1959 359 2016 8.
373 1969 408 2023 ut
417 1970 500 2022 certo
512 1957 682 2023 refectionis
693 1957 765 2024 bura
772 1977 833 2018 non
847 1957 1056 2036 preveniatun
1069 1965 1092 2016 t·

135 2039 177 2096 ita
190 2038 246 2098 hoc
262 2049 394 2116 tempore
407 2037 532 2097 refectio
546 2057 604 2106 non
619 2048 751 2096 sumatur
764 2049 834 2100 ante
847 2037 1014 2098 meridiem.

173 2116 229 2176 ΙΙΙ.
244 2116 326 2177 Hine
338 2117 472 2196 patescit,
498 2115 578 2196 quod
592 2117 685 2194 possit
699 2117 755 2177 hoc
773 2116 919 2195 jejunium
933 2116 1088 2195 tripliciter

133 2195 243 2265 violari,
259 2201 288 2256 tr
300 2196 344 2259 sie
358 2196 514 2274 tripliciter
528 2195 645 2274 meari
658 2195 832 2266 mortaliter,
858 2198 883 2254 l.
907 2197 1089 2256 comedendo

134 2273 351 2344 cibos'vetitosr
371 2278 401 2336 2.
419 2277 562 2342 sumendo
575 2276 675 2353 plures
688 2270 884 2346 refectionem
905 2278 934 2334 8.
951 2278 1090 2354 praereni·

132 2355 208 2414 endo
221 2355 324 2418 horam
336 2355 515 2416 refectionis.
557 2355 718 2434 Propterea
732 2355 782 2434 qui
797 2355 963 2424 confitetur,
983 2375 1017 2416 se
1032 2357 1088 2415 vio·

131 2437 207 2496 lasse
217 2435 374 2514 Jeiunium,
386 2435 611 2516 interrogandus
624 2447 679 2507 est,
695 2452 783 2514 quam
798 2454 837 2494 ex
851 2434 945 2496 trihus
956 2435 1086 2512 partibus

128 2515 233 2593 jejunii
247 2515 407 2580 violaverit.
666 2573 673 2584 ,

173 2594 225 2652 lv.
248 2594 336 2666 Nota,
362 2594 442 2676 quod
466 2594 600 2673 quaedam
618 2593 731 2673 jejunia
754 2613 813 2654 nou
826 2593 960 2672 obligent
973 2593 1013 2652 ad
1028 2594 1088 2653 illas

132 2686 192 2736 tres
200 2686 300 2752 partes
311 2675 522 2737 observandas:
535 2674 578 2733 sic
584 2673 698 2752 jejunia
707 2673 789 2732 feriis
800 2672 894 2734 sextis
913 2676 939 2730 ἃ
957 2674 1084 2734 sabbatis

133 2773 317 2829 perannum
344 2753 474 2831 obligant
496 2753 533 2814 ad
561 2753 651 2812 solam
673 2752 884 2812 abstinentiam
907 2751 925 2812 ὲ
952 2753 1104 2813 08τηίὺωῖ

126 2837 216 2910 juxta
226 2832 469 2902 consuetudinem
482 2832 539 2894 loci
550 2857 557 2900 ;
564 2831 681 2912 jejunia
691 2832 805 2894 dierum
819 2831 1021 2909 Rogationum
1032 2852 1085 2890 non
1102 2871 1103 2891 r

132 2911 289 2989 prohibent
302 2911 495 2988 refectionem
508 2912 670 2971 secundam
684 2923 753 2989 post
765 2910 919 2972 meridiem
930 2935 938 2979 ;
957 2911 1014 2972 sed
1027 2912 1085 2970 haec
1101 2939 1102 2969 r

26 3027 31 3033 ·
129 2991 242 3069 jejunia
256 3003 397 3054 vocantur
407 2991 521 3070 jejunia
533 2990 716 3069 imperfecta.
1100 2995 1101 3045 l

129 3121 134 3200 ἶ
167 3149 243 3212 aa
263 3150 451 3216 carusius
472 3149 704 3218 Quassus
723 3149 768 3208 m
790 3148 1037 3209 Pnacnrro.

131 3310 155 3370 l.
174 3308 356 3368 Abstinentta
369 3309 389 3367 ἁ
402 3329 489 3368 earne
513 3309 582 3368 eriis
595 3308 720 3380 meib&
740 3307 866 3367 sabbato.
920 3308 962 3366 ll.
975 3305 1097 3366 Diebutl

189 3387 460 3466 sobbmpoatll'at.
560 3390 598 3446 'at'
611 3387 676 3446 licet
696 3389 776 3448 cdere
793 3407 903 3446 carnea.
944 3387 1002 3446 111.
1017 3369 1096 3444 Jaml

190 3467 260 3526 Fer.
272 3479 352 3528 tecta
365 3471 398 3526 itt
411 3467 517 3528 Natali
532 3467 664 3528 Domini.
705 3468 758 3526 IV.
778 3465 929 3544 Jer'unium
943 3469 976 3524 irr
990 3467 1083 3524 dicbus

189 3547 394 3684 Roqatbbnum.
435 3547 473 3606 V.
492 3547 644 3625 Jejuoirrm
657 3549 689 3605 ira
702 3552 730 3606 4.
746 3545 917 3624 temporibus
929 3545 957 3620 bs
970 3545 1083 3622 quibas·

189 3627 257 3683 darn
300 3627 399 3702 toilite.

92 3779 101 3791 ’
170 3784 268 3850 QUAE
277 3783 391 3862 jqjunia
404 3785 433 3844 in
448 3785 581 3846 Dioecesi
595 3741 807 3848 Mechliniensi
821 3783 1005 3846 observande
1019 3793 1082 3847 sunt

130 3883 168 3922 ex
182 3866 355 3940 praecepto?
