2240 4080
161 172 220 230 342
532 189 576 234 os
596 187 744 250 assumo.

160 330 233 400 lutri,
258 331 305 392 vel
318 351 377 390 nou
391 330 454 392 siue
477 331 610 412 periculo
630 331 768 395 notabilis
788 327 973 393 incommodi·
987 329 1094 412 corporis

160 409 208 470 vel
221 409 414 472 valetudinisr
432 432 460 472 v.
473 432 502 491 g.
516 409 541 470 si
555 410 716 472 timeantur
730 411 867 476 deiocus
877 423 999 482 nature,
1011 411 1094 474 debili·

160 501 239 552 tates
247 489 361 561 virium,
376 489 492 552 duratio
502 491 596 552 morbi
609 489 730 571 longior,
741 491 945 562 reincidentis,
956 492 1095 554 retardatio

161 567 305 662 sapitatis,
333 575 386 630 &a
433 569 626 666 infirmitates
653 571 788 651 quedam
814 571 966 651 mutieres
992 571 1096 650 exigunt

161 661 252 710 etram
267 669 350 710 esum
364 666 506 710 carnium.

200 729 242 788 II.
255 729 291 790 In
306 729 395 790 dubio
408 731 556 791 recutitur
569 727 607 791 ad
632 728 765 792 odicium
778 727 887 792 medici
902 726 1044 792 timorati:
1054 729 1094 790 red

160 807 269 869 medici
282 808 372 888 aliqui
387 829 466 890 soepe
479 807 567 870 nimis
627 810 752 872 ulotorit
774 810 954 872 sensualium
967 809 1094 870 homiuum

105 891 107 899 ’
159 887 314 949 desideriis
328 889 493 968 indulgent,
508 889 684 970 quandoque
698 889 803 950 timore
816 890 892 966 lucri
906 890 1053 952 cessantis.

199 967 255 1028 ΠΙ.
270 967 331 1028 Sub
345 967 467 1029 infirmis
480 969 604 1030 veniunt
617 970 706 1031 etiam
715 965 856 1049 languidi,
870 969 992 1040 debiles,
1006 970 1095 1030 valetu-

13 1061 15 1184 p
160 1047 274 1118 dinarii,
299 1047 574 1112 reconvalesceutes
598 1050 617 1110 d
636 1051 750 1120 morbo,
774 1049 881 1128 quibus
905 1049 1030 1112 multum
1053 1047 1095 1110 ciri

133 1125 137 1133 '
160 1127 246 1187 simul
271 1147 388 1189 sumere
401 1149 460 1189 non
477 1127 564 1199 licet;
588 1129 695 1210 quibus
720 1128 837 1202 Sylvius
851 1141 1025 1190 annumerat
1040 1129 1095 1194 illos

159 1207 285 1286 quitum
309 1207 430 1270 infirmae
454 1219 525 1270 sunt
547 1208 770 1288 complexionis,
794 1221 828 1270 ut
849 1229 944 1270 vacuo
968 1209 1097 1270 stomacho

159 1285 266 1366 capitis
289 1287 404 1349 dolores
426 1299 478 1350 aut
498 1288 661 1366 vertigines
682 1288 842 1368 patiantur,
864 1289 912 1352 vel
937 1289 1028 1368 inepti
1046 1289 1097 1348 red·

159 1365 266 1426 duntur
280 1368 319 1428 ad
333 1387 386 1427 sua
398 1367 520 1447 negotia
542 1369 588 1428 vel
601 1379 707 1448 opera3
730 1368 835 1447 quibus
849 1368 980 1448 prefatis
1000 1369 1096 1429 licitum

159 1457 206 1505 est
219 1465 336 1507 sumere
351 1447 390 1516 id,
415 1447 494 1528 quod
508 1459 556 1508 est
569 1447 770 1510 necessarium
786 1448 825 1510 ad
838 1448 994 1508 evadenda
1005 1449 1097 1508 incom-

158 1525 254 1596 modo,
276 1547 335 1587 uon
359 1527 434 1608 plus.
475 1527 623 1607 Adeoque
639 1525 690 1604 uni
712 1527 787 1608 plus,
809 1527 895 1588 alteri
917 1528 1013 1588 minus
1027 1531 1098 1608 juxta

158 1603 376 1676 necessitatem,
391 1612 417 1666 dr
431 1605 610 1668 infirmitatis
618 1607 819 1687 exigentiam
833 1627 1026 1687 quecumque
1034 1607 1098 1668 enirn

158 1685 313 1746 infirmitas
327 1686 420 1752 levior
433 1707 492 1760 non
507 1699 632 1750 excusat
645 1687 664 1748 d
677 1698 741 1750 toto
750 1687 875 1767 jejunio,
901 1686 1031 1767 quamvis
1042 1686 1108 1750 libe,

159 1765 239 1825 retd
275 1777 349 1826 arte.
1107 1763 1108 1776 ¹

199 1786 348 1911 IV.pQuid
361 1846 434 1906 licet
446 1847 484 1918 ei,
499 1847 558 1926 qui,
573 1847 643 1908 dum
657 1845 774 1926 vesperi
779 1848 910 1924 jejunat,
919 1859 1021 1912 noctes
1034 1843 1101 1906 ducit

158 1925 317 1995 insomnes,
326 1925 389 1986 sive
397 1925 595 1986 necessarium
605 1937 718 1986 naturre
732 1943 867 1988 somnum
876 1943 983 2005 capere
994 1921 1099 2004 nequit?

166 2009 169 2016 ’
200 2001 237 2063 R.
252 2003 282 2064 le
296 2005 413 2084 vesperi
426 2017 525 2066 sumet
537 2003 738 2076 refectionem,
753 2009 779 2064 oz
793 2004 1029 2067 collatiuncolam
1037 2005 1102 2065 cirta

160 2083 324 2144 meridiem.
363 2085 399 2144 In
420 2086 498 2146 hanc
521 2105 594 2156 rem,
618 2086 657 2146 ed
670 2085 841 2145 instantium
863 2085 1004 2164 Episcopi
1022 2083 1102 2146 Gand

158 2163 298 2300 ggrpnata
311 2175 358 2224 est
371 2167 500 2244 prop.ab
515 2165 680 2226 Academia
689 2163 763 2224 Lor.
778 2167 864 2224 1657.
906 2165 984 2226 Vide
992 2165 1107 2232 Billusrt

201 2321 236 2381 V.
250 2321 410 2402 Jejunandi
424 2323 579 2384 difficultas
587 2344 646 2384 uon
657 2335 783 2386 excusat
791 2343 845 2402 per
859 2343 892 2384 se
911 2322 930 2382 d
937 2323 1056 2404 jejunio,
1068 2321 1100 2382 uti

159 2422 216 2462 nec
235 2401 338 2474 famae,
362 2422 459 2482 neque
480 2404 599 2474 macies,
624 2415 676 2464 aut
695 2403 789 2482 pallor
810 2423 849 2462 ex
870 2423 907 2464 eo
925 2403 1100 2484 provenieust

158 2494 362 2548 verumtamen
377 2494 480 2543 contra
499 2483 609 2544 famem
630 2481 767 2544 caninam
785 2483 912 2542 sumitur
926 2483 1044 2564 aliquid,
1061 2497 1100 2558 per

147 2556 281 2644 ,modum
294 2561 459 2622 medicinae.
480 2561 526 2622 La
540 2563 632 2623 Croix
645 2563 695 2622 lib.
704 2565 738 2621 3.
751 2583 780 2642 p.
791 2565 821 2622 2.
835 2583 866 2622 n.
881 2563 969 2634 l824..

200 2641 280 2706 Quid
300 2643 489 2701 statuendum
510 2642 548 2702 de
565 2641 624 2712 illo,
646 2641 698 2722 qui
716 2661 755 2702 ex
773 2642 873 2702 labore
887 2641 991 2703 illicito
1003 2641 1049 2701 vel
1060 2655 1106 2724 per}

160 2739 242 2780 suam
257 2721 374 2800 culpam
388 2720 537 2780 contraxit
550 2721 753 2782 infirmitatem
762 2723 784 2781 i·
863 2741 870 2752 ·
1105 2725 1106 2820 l

150 2853 156 2868 ,
200 2800 254 2877 VI.
276 2799 314 2858 R.
339 2801 443 2860 Potest
457 2799 611 2862 infirmitas
629 2801 744 2862 ratione
759 2799 942 2878 impotentiae
955 2801 1003 2861 vel
1015 2815 1106 2860 neces*

159 2874 256 2956 sitatis
272 2877 352 2938 illum
371 2900 514 2940 excusare
529 2879 671 2960 djejunio
684 2880 842 2961 praesenti3
864 2879 932 2959 quia
942 2883 992 2959 jus
1006 2891 1099 2938 nature

159 2959 292 3038 obligans
313 2959 352 3019 ad
365 2960 619 3020 conservationem
641 2971 753 3022 naturae
766 2960 925 3038 prevalet:
949 2960 999 3022 ille
1013 2971 1095 3045 tantm

161 3038 296 3116 peccavit
310 3038 339 3097 in
364 3059 452 3099 causa
466 3052 570 3100 contra
582 3041 679 3118 legem
695 3038 809 3118 jejunii,
832 3039 1008 3118 inquantum
1021 3045 1098 3118 potut

159 3118 321 3195 praevidere
336 3119 580 3198 impedimentum
594 3120 730 3199 exculpe
743 3137 796 3180 sus
810 3120 1017 3180 obventurum.
