2256 4090
459 193 503 238 nn
524 195 618 240 voro.
956 178 1010 236 151

93 331 227 404 eborae,
242 333 403 404 cornmdioe,
417 335 543 414 publicae
567 335 746 398 saltationes.
771 335 861 401 Cone.
874 333 941 412 Lat.
955 355 1005 414 po·

53 410 187 488 pinorum
201 413 361 492 ingressus.
375 414 466 474 Cone.
480 413 548 476 Lat.
561 436 628 496 cap.
643 417 688 476 16.

30 507 34 514 '
90 491 174 556 Quas
187 493 399 570 prohibitiones
413 494 563 554 innovavit
582 495 673 556 Cone.
695 493 776 554 Trid.
789 515 860 556 sess.
873 496 922 554 22.
936 515 962 556 c.
978 493 1004 552 1.

51 568 117 630 Res.
132 575 161 630 tr
174 591 248 632 sess.
258 575 308 634 24.
322 593 349 636 a·
365 575 410 632 12.
424 573 546 638 de'lief,
620 641 625 650 ‚

263 730 302 790 rr.
323 705 388 792 iso.
429 699 794 799 ounsrruncunn.
873 727 876 734 ⁴

89 891 118 958 1.
138 888 201 948 AN
211 891 412 967 genuflectere
426 910 524 952 coram
539 891 698 964 Crucifixo,
717 903 764 952 est
790 902 875 952 actus
890 889 1002 972 Religi-

47 967 136 1028 onis?
158 988 199 1028 an
211 968 338 1040 elicitus,
351 990 389 1030 an
403 970 587 1050 imperatus?

86 1049 116 1106 2.
137 1047 298 1110 Donatum
311 1049 330 1108 a
341 1049 452 1112 virtute
462 1049 626 1130 Religionis
636 1049 782 1112 'elicitum
804 1069 863 1111 non
876 1049 1001 1130 impere-

49 1138 120 1198 tum‚
135 1131 162 1186 dr
176 1127 194 1188 ὲ
208 1139 318 1200 contra.

83 1208 113 1264 3.
136 1207 188 1266 An
201 1207 295 1268 oratio
315 1207 401 1270 hers
418 1229 487 1272 cum
515 1207 705 1271 distractione
733 1207 849 1279 mentis,
872 1220 919 1270 est
932 1215 1012 1268 vera*

47 1285 167 1346 oratio?
648 1343 652 1350 ,

83 1369 113 1422 4.
136 1366 188 1424 An
202 1364 260 1426 duo
276 1365 460 1438 Sacerdotes,
477 1387 601 1446 quorum
622 1387 698 1428 unus
722 1379 768 1428 est
792 1365 1000 1437 Beneficintus,

45 1463 102 1502 non
116 1444 203 1516 ulter,
220 1445 373 1538 equaliter
385 1444 514 1525 peccent
527 1445 692 1508 omittendo
703 1447 800 1508 Horas
812 1447 999 1510 Canonicas?

82 1525 113 1582 6.
134 1523 335 1586 Banelieutus
348 1546 402 1606 per
415 1525 609 1588 voluntariam
628 1526 804 1588 ebrietatem
827 1525 929 1586 intulit
942 1526 998 1586 sibi

44 1604 191 1674 morbum,
204 1623 258 1682 per
273 1625 363 1683 quem
377 1617 425 1666 est
437 1605 584 1686 impotens
605 1603 732 1684 renitere
755 1603 853 1666 Horas
873 1605 999 1666 Canoni-

4 1699 5 1706 ‘
44 1683 278 1760 conqueritur
305 1685 450 1764 quomodo
471 1683 662 1765 peccaverit?
692 1690 718 1746 tr
741 1705 779 1746 an
801 1696 962 1746 excusetur
983 1685 1001 1744 a

42 1761 259 1824 restitutione?
658 1823 661 1831 ,
737 1815 740 1820 .
994 1773 1001 1786 ’

78 1843 109 1900 6.
133 1841 266 1920 Assigna
279 1839 454 1922 quempiam,
478 1845 529 1924 qui
553 1843 727 1904 utrumlibet
745 1843 870 1904 duorum
884 1857 998 1908 contra·

41 1919 237 1980 dictoriorum
250 1921 347 1982 valide
360 1935 491 1984 voveret.

78 2003 110 2058 7.
132 2001 288 2079 Quispiam
300 2003 382 2062 vovit
404 2002 521 2081 ingredi
543 2003 780 2070 Monosterium;
800 2001 935 2064 adhibuit
948 2023 996 2064 co·

40 2091 146 2140 natum
161 2100 289 2152 ornnem,
304 2092 337 2140 ut
350 2081 558 2142 admitteretur
568 2083 647 2162 apud
662 2081 728 2142 RR.
740 2079 799 2143 ΡΡ.
814 2081 997 2153 Camelitas,

40 2159 93 2218 sed
106 2159 239 2228 frustra;
259 2180 296 2220 an
321 2172 441 2222 tenetur
463 2173 581 2222 tentare
603 2167 629 2222 dr
650 2161 760 2222 intrare
775 2161 921 2224 Ordinem
934 2163 997 2222 Au·

38 2239 301 2314 gustinianorumi

75 2319 109 2376 8.
132 2319 186 2378 An
199 2319 279 2380 valet
298 2330 398 2380 votum
415 2319 587 2382 sublevandi
600 2341 762 2402 pauperem
775 2321 812 2382 ob
823 2340 927 2382 vanam
936 2322 997 2402 glo·
1116 2361 1119 2368 ,

37 2417 114 2536 mili
124 2398 184 2546 lta
196 2489 297 2538 votum
311 2479 447 2540 illicitum
460 2485 487 2538 dr
500 2463 638 2540 validum.

80 2558 130 2614 10.
153 2557 307 2636 Quispiam
330 2562 412 2622 vovit
432 2559 497 2620 fieri
520 2557 689 2698 Ressgiosus
711 2559 742 2620 in
758 2570 840 2620 certo
855 2559 995 2620 determi-

37 2646 112 2696 nato
126 2636 330 2706 Monasterim
349 2639 404 2700 sed
417 2649 551 2720 tempore
597 2637 737 2700 ovitiaths
760 2639 803 2698 ita
816 2659 848 2698 se
861 2638 948 2718 gerit,
963 2651 997 2698 ut

39 2714 280 2793 aSuperioribus
295 2717 477 2780 dimittatur:
498 2738 535 2780 an
550 2717 616 2780 talis
631 2729 678 2780 est
690 2717 764 2780 liber
778 2718 797 2778 a
809 2719 901 2780 roto?

81 2796 131 2852 ll.
153 2795 264 2854 Utrhnr
278 2797 343 2875 quis
352 2809 454 2858 votum
468 2818 554 2857 suum
569 2797 658 2858 dandi
669 2797 778 2857 donum
802 2797 945 2858 Ecclesiae
960 2797 994 2870 β.

39 2874 135 2944 Petri,
150 2875 270 2954 proprii
281 2877 461 2938 authoritate
475 2877 569 2956 possit
582 2889 706 2948 mutare,
720 2883 746 2938 tr
760 2875 834 2938 illud
848 2875 918 2936 dore
938 2877 994 2935 Ec·

38 2953 139 3014 clesiae
156 2954 186 3014 S.
199 2954 344 3016 Joannis?

60 3060 62 3071 ›
80 3034 127 3092 12.
151 3033 269 3112 Aliquis
279 3035 383 3096 videns
396 3056 430 3096 se
453 3035 654 3116 negligentem
674 3035 704 3094 in
726 3034 902 3116 elargiendis
917 3035 994 3098 ele'e'·

38 3112 172 3190 mosynis
184 3115 352 3192 majoribus,
366 3115 448 3174 vovit
461 3115 531 3176 dare
555 3115 678 3195 singulis
692 3115 796 3178 diebus
811 3115 883 3175 duos
898 3135 994 3183 assesa

38 3191 167 3269 negligit
179 3204 281 3254 autem
294 3194 368 3254 illud
382 3195 476 3256 tribus
489 3195 659 3258 mensibus:
680 3195 825 3275 quomodo
849 3194 992 3274 peccavit,

37 3275 62 3327 δι
76 3272 116 3330 ad
130 3271 204 3349 quid
218 3276 361 3336 tenetur?
434 3321 436 3328 ,

350 3431 677 3500 RESPONSIONES.

75 3589 141 3648 AD
168 3592 194 3648 1.
215 3591 272 3650 Est
294 3602 379 3652 aetus
402 3591 520 3652 virtutis
549 3591 731 3672 Religionis;
765 3592 834 3673 quia
860 3591 991 3652 adoratio

33 3667 177 3746 dirigitur
191 3670 229 3732 ad
244 3671 396 3732 Christum
409 3671 609 3732 Crucifixumr
631 3683 677 3732 est
690 3683 791 3734 autem
805 3682 991 3738 actusmora·

4 3781 5 3788 1
36 3747 103 3806 liter
119 3749 239 3808 elicitus
264 3750 283 3809 h
306 3750 471 3830 Religione,
487 3751 556 3830 quia
568 3751 692 3830 primam
706 3751 836 3831 speciem
850 3749 989 3814 bonitatis

34 3828 128 3888 sumit
142 3828 160 3888 d
175 3829 342 3910 Religioae.
383 3831 459 3892 Vide
469 3831 554 3907 'dieta
567 3851 647 3892 num.
660 3833 689 3892 6.
