2246 4096
381 153 654 204 nnsuuuttlturo.
877 155 885 164 ’
939 138 993 196 let

45 295 124 358 licite
138 295 305 366 &honeste
319 295 435 376 impleri
448 307 556 374 potest.
594 296 643 362 Ite
656 295 744 358 docet
757 294 787 354 S.
807 293 912 358 Thom.
928 295 994 355 loco

44 378 134 438 citam
147 376 187 438 ad
200 379 228 434 3.
243 377 395 454 itemesp.
415 385 432 414 ‘⁴
447 375 474 438 si
485 373 573 440 verd”
594 369 632 458 de
642 375 858 455 premendo·

77 457 118 524 Π.
132 456 237 522 Metus
252 456 379 534 injustus
387 455 510 534 interim
521 454 595 520 fecit
607 466 642 526 ut
651 454 834 534 dispensatio
843 453 926 532 juste
939 451 992 512 im·

39 546 193 615 petretur:
207 535 329 615 proinde
344 535 394 614 qui
404 534 514 614 juravit
527 533 634 594 latroni
643 535 713 594 dere
727 534 1000 602 contentionum,

40 625 159 676 tenetur
170 635 224 674 eos
238 615 318 696 dere,
332 615 385 680 sed
396 615 479 680 datos
493 613 593 676 statim
602 625 739 694 repetere
753 625 852 696 potest
863 637 870 681 ;
884 611 909 674 si
923 611 994 673 vero

33 695 180 772 jnraverit
193 713 243 764 eos
257 714 316 761 non
326 705 471 772 repetere,
483 693 573 756 datur
586 693 723 772 equidem
733 704 871 755 recursus
883 691 922 754 ed
936 692 994 752 dis-

38 774 258 852 pensetionem‚;
273 774 298 834 si
307 773 451 852 jtuaverit
460 787 518 836 uon·
532 783 636 851 petere
649 771 906 851 dispensationem,
913 775 994 850 jura-

37 864 173 916 mentum
187 865 235 916 est
248 850 464 923 invalidum'ut
478 853 593 914 dicetur
608 853 740 916 Numero
754 851 900 930 sequenti.

59 931 136 995 2111.
161 933 229 1011 Obj.
252 933 410 1004 Prort'ssio
424 932 490 995 tulis
511 953 550 994 ex
564 943 650 994 metu
669 932 778 1010 injusto
795 931 934 994 estin-rita
946 931 995 992 vel

37 1011 188 1150 irritepilis
212 1033 256 1080 ex,
272 1024 356 1099 perte
383 1023 496 1074 metum
523 1009 625 1090 pessi3
647 1031 722 1089 ergo·
745 1016 771 1074 δι
793 1013 994 1090 Jurenemum

38 1111 109 1152 acce
133 1111 194 1151 ens
417 1137 419 1142 .

76 1171 114 1230 R.
130 1171 216 1259 Nego
230 1188 348 1250 conseq.
361 1172 429 1250 quie
437 1174 637 1249 juramentum
647 1169 722 1232 illud
731 1189 790 1230 non
804 1181 850 1230 est
858 1189 991 1235 accesso·

37 1251 122 1321 rium,
139 1251 192 1310 sed
202 1271 255 1330 per
266 1271 298 1310 se
310 1263 404 1320 stans;
418 1256 611 1330 &propterea
619 1249 785 1310 reverentie
797 1250 932 1311 Nominis
940 1249 996 1308 Di-

38 1329 97 1388 vini
107 1331 351 1408 praeferendeest
360 1331 514 1408 temporeli
528 1330 642 1390 domno.
683 1330 713 1390 S.
729 1329 784 1388 Th.
795 1330 861 1390 loco
874 1329 975 1390 citato.

75 1409 132 1496 IV.
154 1409 221 1488 Obj.
244 1422 345 1472 votum
359 1431 398 1472 ex
413 1410 464 1470 teli
478 1421 561 1471 metu
581 1409 692 1472 factum
707 1429 765 1472 non
779 1409 899 1486 obliget,
923 1427 995 1488 ergo

38 1509 93 1550 nec
104 1492 315 1567 juramentum.
572 1503 575 1508 “

77 1569 115 1636 R,
131 1568 276 1646 Negendo
289 1569 477 1637 antecedens,
493 1569 656 1630 secundnm
667 1569 748 1630 dicte
761 1568 798 1628 de
812 1577 881 1629 voto
894 1588 923 1628 n.
938 1569 976 1624 79

76 1647 114 1706 R.
137 1651 176 1706 2⁰.
197 1648 282 1726 Nego
297 1668 414 1728 conseq.
435 1649 601 1726 Disperites
614 1660 669 1718 est,
691 1646 771 1726 qudd
785 1647 844 1710 tale·
862 1645 996 1710 votumei

38 1727 105 1787 Deo
119 1747 179 1786 non
192 1738 373 1805 acceptetur,
399 1729 453 1788 sed
469 1727 672 1806 jocamentum
685 1728 716 1792 in
729 1727 859 1790 favorem
873 1725 995 1790 latronis

34 1807 211 1886 supponitur
225 1818 412 1886 acceptatum
426 1810 463 1868 ab
477 1807 590 1870 eodem

74 1885 224 1947 proxilius
238 1887 303 1946 hoec
317 1887 440 1952 discutit
453 1887 521 1948 Bill.
534 1898 556 1946 t.
568 1891 598 1948 4.
611 1889 681 1950 343..

34 1967 133 2124 ὠθεῖ
136 1970 338 2107 Jprementum
344 1965 490 2030 redeundi
498 1965 538 2030 nd
550 1985 700 2029 carcerem
710 1985 777 2030 cum
787 1965 920 2046 periculo
928 1965 996 2028 vine

71 2125 110 2183 V,
126 2123 165 2186 R.
179 2125 210 2186 Si
220 2126 469 2206 jmeveritredire
483 2127 522 2187 ad
532 2145 681 2188 carcerem
691 2129 815 2205 jusmm,
830 2125 913 2192 certd
923 2127 995 2186 obii-

33 2217 122 2282 gatur
141 2208 328 2284 juramento;
343 2207 430 2270 idem
443 2205 561 2268 videtur
582 2217 685 2268 contre
700 2206 804 2268 Cover.
828 2207 995 2286 dieendum,

34 2285 172 2364 quemvis
184 2305 285 2350 cercer
295 2285 373 2348 foret
385 2286 519 2364 injustus,
535 2285 605 2364 quie
614 2285 731 2364 Religio
741 2287 903 2366 juramenti
913 2299 996 2347 ente·

32 2364 174 2442 ponenda
187 2376 233 2424 est
246 2365 325 2435 vitae,
339 2364 454 2443 eritque
468 2365 581 2426 reditus
596 2365 683 2426 simul
692 2377 777 2426 ectus
791 2367 997 2426 veracitatis&

33 2443 227 2512 fortitudinis,
237 2443 319 2512 utilis
327 2446 404 2506 bono
414 2443 575 2523 communi:
589 2443 680 2526 legito
691 2445 721 2506 S.
732 2446 811 2522 Aug.
823 2445 918 2522 Epist.
927 2447 997 2506 224.

33 2524 147 2584 Sunrez
161 2528 187 2582 dr
201 2523 347 2586 Deelmen
364 2535 464 2584 temen
478 2523 631 2604 excipiunt
644 2541 756 2602 meum„
775 2523 883 2618 inquo
892 2528 995 2603 jurans

32 2623 91 2662 non
103 2603 289 2681 praevidiseet
302 2602 465 2682 periculum
479 2603 547 2664 vitae
561 2603 715 2664 imminere
727 2614 767 2670 ex
780 2604 879 2684 reditu
890 2628 898 2672 ;
916 2605 993 2684 qnia,

35 2683 129 2752 aiunt,
145 2693 217 2743 tunc
231 2693 361 2746 mutetur
374 2682 499 2744 materie
512 2683 617 2744 saltem
631 2683 662 2742 in
675 2683 839 2744 intentione
846 2683 983 2762 jurantis.

34 2840 73 2898 u.
107 2793 174 2900 iss
225 2841 284 2906 un
312 2839 577 2916 Junnmnuro
607 2841 727 2906 ouon
759 2829 994 2902 veneunt

272 2917 556 2982 cereniorem
587 2917 761 3002 nmium.
899 2925 902 2932 ·

269 3077 768 3158 &messenatae

35 3239 56 3294 1.
81 3237 479 3315 Hetjwmodthtromentum
501 3235 656 3314 nonobliq.
696 3235 737 3295 ΙΙ.
766 3235 898 3315 Oijectio.
938 3241 995 3301 111.

71 3339 74 3348 ¹
92 3316 212 3376 Juram.
225 3336 284 3374 non
296 3318 487 3375 memnoni
493 3327 644 3395 peccatum
656 3314 819 3394 Sopetm.
859 3316 911 3377 lv.
931 3322 996 3394 Quo

91 3397 177 3458 niodo
184 3395 287 3472 obliyet
298 3396 415 3457 Jnram.
428 3415 487 3456 mono
498 3396 745 3456 recondentem
757 3395 803 3456 vel
809 3395 997 3460 Medicinam.

72 3556 96 3614 1.
110 3553 363 3616 HUJUSMODI
373 3558 573 3633 juramentum
587 3553 642 3623 est,
657 3553 695 3614 de
710 3573 767 3633 quo
777 3555 909 3616 Numero
922 3579 995 3638 prae·

34 3633 163 3703 cedenti,
186 3634 265 3712 quod
279 3645 325 3696 est
339 3645 487 3697 extortum
501 3645 585 3694 metu
597 3633 715 3711 injusto,
729 3653 788 3694 non
801 3637 922 3714 petendi
932 3642 996 3716 Jus-

35 3725 94 3772 tam
109 3713 362 3791 dispensationem
376 3733 464 3792 super
480 3717 667 3792 juramento:
693 3711 826 3774 docet'S.
849 3715 952 3776 Thom.
965 3721 995 3777 2.

34 3795 63 3852 2.
78 3814 107 3872 q·
116 3794 167 3857 89.
181 3812 207 3854 a.
217 3797 245 3852 7.
258 3793 297 3856 ed
308 3797 338 3860 ,3.
348 3791 428 3872 quod
438 3793 510 3854 illud
519 3795 720 3872 juramentum
730 3813 856 3876 vergens
866 3794 898 3853 in
911 3795 994 3858 dete-
