2254 4072
477 161 584 201 runux.
950 145 1009 202 429

41 239 137 284 mura.
936 239 1013 280 rac.

38 303 111 360 285
134 301 174 360 Et
189 310 304 379 septem
319 299 435 378 species
448 299 635 368 luxuriae,..
893 303 1010 362 ..368

39 381 112 438 284
133 381 200 438 Non
215 379 346 438 daturin
361 398 397 438 ea
418 379 547 457 parvitas
569 375 701 438 materiae
720 389 810 436 extra
831 343 932 438 matri·

172 457 926 526 monium,
952 459 1011 516 366

40 539 112 596 292
134 537 295 596 Peccatum
321 548 426 596 contra
446 547 590 606 naturam,
605 501 649 594 δι’·
644 538 709 614 ejus
723 535 853 615 quinque
866 553 933 615 spe·

175 615 247 685 cies,

40 695 113 752 299
134 656 282 754 Remedia
296 707 401 754 contra
414 703 540 772 peccata
552 693 686 764 luxuriae,
952 695 1012 753 305

514 849 550 908 Μ

90 1011 116 1067 9
136 1008 290 1068 Medicam
305 1008 376 1086 quid
390 1008 438 1078 sit,
620 1053 668 1078 ..s
969 973 1014 1066 l15

50 1089 114 1146 191
136 1087 212 1163 Mup
213 1089 262 1156 i,.
954 1089 1014 1145 233

49 1167 115 1224 193
136 1165 317 1243 Malcfim‘um
330 1166 441 1242 regulae
456 1129 657 1242 dignoscendi,
954 1168 1014 1224 235

46 1247 116 1302 250
135 1243 328 1321 Martyrium.
349 1246 448 1304 Actus
461 1243 644 1304 fortitudinis
659 1242 837 1322 principalia,

47 1326 116 1381 304
136 1322 287 1382 Mirumrlu
301 1323 380 1382 solus
394 1322 480 1382 Deus
494 1323 575 1392 lacit,
590 1342 648 1382 non
662 1323 927 1391 daemones,

47 1404 116 1459 302
137 1401 288 1461 Modestia
302 1401 395 1460 virtus
408 1412 465 1460 est.
486 1401 567 1460 Vitia
580 1401 724 1480 opposita,
955 1403 1015 1460 390

73 1483 116 1538 55
138 1481 256 1540 Musica
271 1500 337 1558 quae
351 1479 543 1560 permittitur,
975 1483 1016 1539 68

400 1635 681 1696 MENDACIUM.

48 1796 117 1852 242
137 1792 331 1852 Mendacium
343 1792 461 1870 triplex,

51 1874 117 1930 243
138 1871 292 1936 Quomodo
306 1882 488 1930 excusentur
504 1871 663 1940 Abraham,
676 1871 780 1941 Jacob,
794 1875 848 1933 00.

52 1953 118 2008 244
140 1949 302 2010 Restrictio
316 1969 389 2026 pure
376 1949 540 2010 mentalis
555 1961 602 2010 est
615 1950 811 2022 mendacium,

53 2031 118 2086 245
140 2028 370 2120 Amphibologia
383 2047 437 2088 seu
450 2028 645 2106 aequivocatio
658 2029 730 2089 licet
743 2029 910 2106 aliquando,

55 2109 120 2166 246
144 2106 297 2167 Simulatio
307 2111 333 2164 dt
346 2106 513 2186 hypocrisis
527 2107 681 2169 continent
690 2108 931 2178 mendacium...

528 2265 556 2323 Ο

55 2422 119 2480 236
145 2392 312 2478 Odedientia
326 2432 373 2478 est
385 2419 488 2489 virtus,

56 2500 120 2557 239
142 2498 347 2559 luobedientia
359 2498 498 2569 formalis,

56 2580 119 2636 238
142 2578 262 2656 Duplex
277 2577 416 2656 exceptio
429 2596 488 2636 non
503 2576 669 2647 obediendi,
769 2591 772 2597 ’

446 2733 622 2793 ORATIO.

85 2896 121 2950 11
148 2891 298 2950 Orationis
311 2891 443 2950 definitio
456 2896 482 2950 u
496 2891 657 2961 divisim..
929 2898 1018 2954 ,16

85 2974 122 3030 13
144 2971 330 3061 Praeceptum
345 2969 494 3039 orationis,
926 2977 1017 3033 ,18

84 3053 122 3107 16
143 3048 248 3110 Oratio
271 3048 430 3108 Dominica
443 3047 620 3110 0000000110
628 3048 800 3126 dignissima
813 3070 851 3112 ex
866 3015 933 3112 selr-

183 3138 214 3185 tu
235 3126 285 3186 lici
300 3126 406 3219 capite,
927 3134 1015 3194 ,21

86 3209 121 3264 17
145 3147 313 3284 Explicatio
327 3205 632 3275 omniumverborurn,
978 3213 1018 3268 23

82 3287 123 3344 60
144 3285 278 3349 Quatuor
289 3285 472 3344 conditiones
487 3285 635 3355 orationis,
647 3296 680 3344 ut
688 3285 727 3344 sit
740 3285 939 3356 infallibiliter,

83 3445 123 3500 63
146 3363 416 3520 Admllrealraatpddddie
430 3418 523 3502 licet
516 3463 545 3502 ιιι
559 3407 700 3512 oratione,

83 3523 122 3578 65
144 3519 267 3598 Triplex
280 3521 395 3580 fructus
410 3521 558 3591 orationis,
627 3567 659 3589 ...

67 3599 123 3658 122
149 3598 284 3736 obreptio
307 3599 354 3658 vel
379 3601 529 3677 subreptio
553 3600 632 3660 circa
646 3561 918 3679 dispensationem
910 3569 939 3660 m

183 3697 219 3735 vo
234 3698 260 3747 ο,

64 3759 122 3814 237
150 3756 258 3816 Oscula
272 3755 434 3825 libidinosa,
