2246 4096
388 226 430 268 nn
450 224 663 270 nunaununo.
781 241 782 256 κ
950 209 1007 269 175
1042 276 1046 284 ,

39 439 76 503 n.
100 445 167 502 146.
187 405 992 510 nnunnnans1ucA1>A01ont1unn10u1s

237 522 490 586 JunAMnun
511 525 795 586 Pnoutssoun.
1028 551 1036 556 —

37 681 60 740 L
74 681 137 742 Rea
150 681 460 822 muulejpramt
486 683 527 742 11.
541 681 696 744 Peccatum
903 726 911 742 .
934 683 990 744 111.

99 761 234 840 Oh‘ectio.
274 761 327 821 1v.
364 767 544 834 uramentum
556 765 592 824 de
604 774 672 823 actu
680 763 858 845 indifferenti
870 783 928 822 non
941 763 989 822 ob-

94 841 179 917 ligat.
218 842 255 901 V.
281 841 413 920 Ohectio
454 843 505 902 VI.
532 843 614 922 Opus
626 840 795 926 indifferens
815 843 937 902 relatum
949 843 991 901 ud

82 919 182 998 finem
195 919 349 980 lomim.
388 920 457 980 VII.
469 919 674 982 Jurameotum
687 923 722 982 de
734 924 883 983 mnisaiorw
891 923 990 1000 ‹psen's

93 999 295 1080 indifferentia.
335 999 419 1061 VIII.
444 995 649 1084 Jurdtaentum
669 1002 704 1060 de
725 1003 874 1062 musione
896 1004 990 1080 operis

92 1079 209 1138 consilii
217 1099 276 1140 nort
284 1079 401 1156 obliqua
421 1079 723 1145 IltJuramentumde
733 1081 804 1142 ὂοπο
814 1080 988 1160 minorisae·

93 1167 156 1218 acm
169 1159 224 1232 ooli
236 1157 310 1229 Deo,
318 1179 378 1218 non
390 1157 475 1236 oblipi
495 1160 533 1220 X.
546 1159 665 1238 Obliquat
670 1157 740 1220 'atero
752 1162 869 1240 quaudo
879 1159 989 1220 homini

82 1237 236 1314 jomus
262 1237 315 1298 XI.
336 1239 424 1312 Quod
430 1259 487 1318 per
499 1241 630 1300 munna
642 1239 875 1334 impeditionum
887 1239 990 1298 melius

91 1336 154 1376 non
166 1317 241 1378 alltc
252 1317 366 1396 obliqua
379 1317 497 1378 Juraot.
537 1319 606 1384 XII.
625 1317 728 1396 object.
741 1319 869 1378 solvitur.

70 1473 95 1532 Ι.
117 1475 325 1550 QUIDNAM
339 1475 447 1538 dicitur
461 1497 526 1538 esse
540 1477 665 1540 materia
679 1477 805 1558 incapax
824 1477 986 1557 juramenti

32 1555 237 1632 promissorii?
304 1554 307 1562 ’

70 1633 109 1692 R.
124 1634 236 1705 Primo,
248 1655 334 1715 omne
345 1635 383 1712 id,
399 1635 478 1715 quod
487 1635 599 1716 jacinti
611 1636 728 1700 omnino
739 1647 786 1697 eat
796 1635 985 1716 impossibile,

32 1713 77 1772 vel
92 1715 176 1794 quod
191 1715 272 1774 nulla
281 1713 398 1776 'ratione
412 1727 459 1775 est
472 1715 503 1774 in
517 1727 666 1796 potestate
686 1715 822 1795 jurantis,
845 1715 986 1794 quianon

31 1792 119 1852 datur
132 1793 273 1888 obligatio
287 1795 325 1854 ad
338 1795 526 1874 impossibile,
549 1795 672 1876 proinde
687 1799 887 1875 juramentum
901 1795 939 1854 de
953 1814 986 1856 re

32 1873 205 1952 impossibili
214 1893 273 1933 non
287 1874 416 1952 obligat:
431 1874 520 1954 igitur
534 1887 683 1936 necactus
697 1874 829 1944 aliorum,
844 1873 894 1953 qui
904 1874 984 1934 nullo

31 1951 118 2012 modo
129 1965 200 2016 sunt
213 1953 243 2012 in
253 1964 402 2048 potestate
411 1965 518 2024 nostra,
533 1965 603 2014 sunt
613 1954 736 2014 materia
746 1954 907 2032 juramenti
918 1973 985 2014 nos·
1046 1950 1052 1960 '

32 2031 69 2089 tri
103 2033 275 2092 remissorit.
317 2033 446 2094 Consule
461 2033 542 2094 dicta
555 2055 584 2092 n.
597 2033 787 2112 praecedenti.

68 2051 111 2169 ll.
120 2114 168 2172 20.
179 2113 340 2173 Peccatum
353 2113 569 2192 quodcumque,
584 2113 652 2192 quia
661 2117 862 2193 juramentum
870 2125 985 2189 nonest

1 2251 2 2258 χ
29 2183 363 2271 vinculumliniquitatis,
378 2204 411 2252 ut
424 2193 506 2272 leges
519 2193 680 2272 loquuntur
694 2212 729 2254 ca
751 2235 758 2251 .
773 2192 933 2258 “Quanto’'
947 2192 985 2252 de

26 2273 151 2349 jurejur.
174 2271 255 2332 Hinc
269 2271 294 2330 si
309 2271 373 2350 quis
382 2271 530 2350 juraverit
540 2293 657 2333 sumere
670 2213 839 2342 vintllctam,'
853 2271 900 2332 vel
911 2291 985 2331 nun·

31 2349 119 2426 quam
134 2350 245 2430 alloqui
259 2362 406 2430 parentes,
430 2351 477 2410 vel
491 2371 642 2431 nunquam
656 2352 783 2416 salutare
796 2351 914 2424 amicos,
934 2357 985 2412 &o

30 2448 85 2488 non
101 2429 196 2490 debet
205 2451 261 2490 nec
275 2442 375 2512 potest
388 2431 537 2492 observari
546 2433 758 2511 juramentum.

1 2577 2 2584 ἵ
65 2509 199 2570 Proinde
213 2509 351 2570 Herodes
365 2530 403 2572 ex
422 2513 591 2589 juramento
604 2531 663 2570 non
677 2513 833 2574 tenebatur
847 2510 984 2572 occidere

1 2599 2 2654 ἒ
29 2587 179 2648 loannem
191 2589 365 2667 Baptistam,
387 2589 484 2650 Marci
498 2592 527 2648 6.
540 2611 568 2648 v.
581 2591 630 2650 26.

65 2667 127 2726 111.
153 2667 223 2748 Obj.
237 2689 300 2748 cap.
325 2677 418 2728 “cum
442 2668 575 2748 quidam''
598 2669 736 2732 dicuntur
757 2669 927 2742 absolvendi
946 2671 984 2730 ab

29 2747 218 2884 ollpservantia
226 2748 388 2828 Juramenti
397 2745 499 2818 illiciti,
514 2749 552 2811 de
565 2769 624 2812 non
638 2749 785 2830 loquendo
795 2748 887 2808 freni.
902 2749 982 2828 Ergo

30 2846 44 2882 0
110 2839 151 2888 at.
558 2837 562 2845 '

64 2827 523 2986 lihtessigiturabsolutionon
532 2906 712 2978 dissolutive,
722 2907 982 2978 seddecleratoria,

1 3033 2 3072 p
29 2986 74 3044 vel
88 2986 236 3046 absolutio
250 2987 288 3046 ad
301 2987 455 3058 cautelam,
471 2986 549 3066 quod
565 2999 611 3048 est
625 3007 779 3053 commune
794 2985 943 3048 Romanis.

1 3079 2 3100 ¹
65 3065 121 3124 IV.
135 3067 183 3124 3⁰.
192 3065 398 3128 Juramentum
433 3067 630 3128 romi'ssorium
641 3067 678 3128 de
692 3087 781 3146 opere
792 3065 981 3138 indifferenti,

29 3145 178 3222 quatenus
192 3165 266 3224 opus
280 3157 326 3206 est
339 3145 370 3206 in
393 3147 399 3160 “
423 3167 518 3218 erens,
533 3166 591 3206 non
605 3146 730 3224 obligat;
744 3146 818 3206 ratio
831 3156 886 3216 est,
901 3145 983 3226 quod

29 3244 103 3302 opus
116 3223 296 3296 indifferens,
320 3237 354 3286 ut
367 3227 436 3299 tale,
460 3246 519 3286 non
534 3225 627 3306 possit
650 3226 709 3288 dici
721 3226 888 3296 honestum,
913 3226 982 3288 ctlrn

27 3303 135 3363 nullius
144 3303 263 3366 virtutis
277 3306 395 3368 ratiosu
415 3317 739 3385 ponaturponcurrere:
749 3307 811 3386 jam
822 3316 921 3366 autem
932 3308 981 3384 ju·

29 3396 197 3444 ramentum
205 3383 296 3446 debet
305 3405 371 3446 esse
385 3327 423 3448 tle
432 3407 465 3447 re
478 3386 610 3456 honesta„
625 3396 713 3463 prout
724 3383 836 3444 dictum
847 3396 894 3446 est
901 3404 982 3444 num.

1 3503 2 3528 ;
30 3463 219 3540 praecedenti,
241 3476 275 3524 ut
289 3465 382 3544 possit
395 3485 461 3526 esse
474 3465 598 3526 materia
610 3463 794 3545 obligationis
809 3464 982 3544 Religionis.

1 3601 2 3613 p
29 3543 72 3602 Ita
83 3542 234 3604 studIosns
244 3543 347 3623 jurans¹
357 3545 460 3606 ludere
471 3545 535 3604 tota
548 3543 605 3616 die,
620 3543 668 3605 cui
679 3545 760 3604 lusus
770 3564 829 3604 non
842 3555 889 3606 est
900 3544 980 3605 utilis

1 3619 2 3682 l
29 3622 64 3680 ad
77 3623 215 3684 levamen
234 3625 372 3702 corporis,
393 3625 441 3686 vel
453 3623 493 3686 ad
513 3623 602 3684 alium
622 3623 711 3688 finem
732 3625 898 3694 honestum,
922 3643 981 3683 non

1 3695 2 3722 ¹
29 3701 175 3781 obligatur
190 3702 312 3781 implere
326 3703 414 3764 illud:
437 3703 571 3765 similiter
585 3703 751 3776 dicendum,
774 3703 878 3783 siquis
897 3705 981 3782 juret

1 3731 3 3832 l
29 3800 85 3840 nun
106 3802 178 3844 uam
192 3781 324 3844 laborare
346 3781 489 3856 manibus,
510 3803 571 3844 nun
593 3777 812 3854 uam'scribere,
835 3787 888 3842 &a
932 3781 981 3841 uia

28 3803 319 3942 similesomissiones
327 3874 361 3926 ut
370 3863 453 3938 tales,
464 3883 522 3926 non
532 3803 687 3926 includunt
696 3863 881 3924 honestatem
892 3803 978 3922 ullius
