2246 4096
378 199 420 244 ne
441 199 653 252 rusamauro.
939 183 993 241 197

84 342 104 402 l.
123 341 160 402 lt.
170 342 208 400 1·.
223 339 389 420 Perjurium
397 341 456 404 tale
466 341 654 418 assentorium
662 343 699 405 de
705 343 830 406 veritate
839 341 989 423 praeterita

51 425 92 486 sel
106 421 251 503 praesenti,
265 441 324 481 non
338 431 437 499 potest
461 441 525 482 esse
539 421 654 483 veniale
678 435 834 502 peccatum
849 443 887 484 ex
901 423 996 502 parvi·

53 514 107 566 tate
120 499 269 570 materiae3
289 500 358 579 quia
371 500 471 560 Deum
487 500 585 562 facere
600 514 708 563 testem
729 503 795 564 falsi
818 522 934 582 semper
949 507 996 561 'est

50 601 149 664 grave.
169 579 239 640 hinc
253 579 328 640 dicit
351 592 471 640 sanctus
493 580 598 640 Th0m.
611 583 640 640 2.
660 585 688 640 2.
710 593 820 661 quaest.
833 583 880 640 98.
895 593 948 641 art.
962 583 991 640 3.

49 663 121 724 ada.
134 667 153 698 “
163 659 215 740 qui
223 661 326 738 jocose
339 663 471 740 perjurat
483 680 541 718 non
556 673 714 722 excusatur
729 659 896 722 amorosii?

83 745 101 778 ⁸
111 739 187 800 Haec
199 739 352 818 responsio
365 751 448 802 certa
461 759 527 800 esse
542 741 631 802 debet
640 751 711 880 pqst
722 739 996 802 condemnationem

47 819 127 900 hujus
140 819 189 878 24.
213 818 420 898 propositionis
441 829 495 898 per
516 819 617 880 Innoc.
685 863 693 878 .
713 841 819 881 vocare
841 819 941 879 Deum
965 820 996 879 in

47 911 147 961 testem
171 897 317 959 mendacii
339 899 422 968 levis,
444 907 503 958 non
517 910 564 958 est
577 909 659 960 tanta
672 899 863 960 irreverentia
874 910 997 980 'propter

50 998 128 1059 quam
141 977 216 1038 velit
229 989 281 1038 aut
293 978 387 1057 possit
399 979 539 1040 damnare
547 979 727 1040 hominem?
869 1019 871 1025 .

81 1058 118 1117 ΙΙ.
140 1057 179 1116 R.
196 1059 237 1116 2⁰.
249 1057 390 1119 Similiter
398 1069 574 1135 certum-est,
585 1055 666 1138 qudd
673 1058 834 1140 perjurium
842 1059 997 1139 promisso·

44 1137 113 1198 riun
136 1137 175 1197 ob
197 1136 347 1198 defectum
358 1137 492 1198 veritatis
518 1138 655 1210 formalis,
679 1139 740 1198 sive
762 1139 792 1198 in
816 1160 874 1218 quo
894 1142 997 1218 jurans

47 1237 99 1278 non
120 1215 213 1278 habet
225 1216 419 1278 intentionem
439 1217 581 1297 implendi
604 1219 683 1297 quod
700 1221 789 1298 jurat,
803 1217 877 1279 ticet
897 1238 944 1277 res
959 1217 997 1280 sit

47 1315 138 1377 parva,
155 1295 194 1356 sit
206 1308 363 1376 peccatum
376 1298 517 1358 mortale:
532 1297 600 1376 quia
614 1299 757 1376 ejusmodi
772 1300 876 1378 jurans
890 1297 997 1358 menti·
1072 1328 1074 1342 ι

44 1389 96 1447 tur,
109 1381 136 1434 sc
145 1374 189 1439 ita
198 1376 560 1456 mendaciumjuramento
574 1377 745 1450 confirmata
764 1398 835 1458 ergo
848 1377 954 1437 incidit
967 1377 997 1435 in

47 1475 143 1516 casum
169 1453 375 1536 propositionis
393 1457 603 1520 condemnatae.

79 1536 115 1594 R.
135 1537 182 1594 3⁰.
204 1535 374 1596 Communis
385 1535 535 1596 sententia
546 1535 685 1612 admittit,
700 1537 861 1620 perjurium
874 1535 997 1616 promis-

45 1615 150 1676 sorium
174 1614 253 1676 circa
272 1634 336 1678 rem
355 1634 476 1695 gravem
496 1616 585 1676 etiam
609 1636 675 1678 esse
689 1629 845 1696 peceatum
868 1617 997 1696 ,mortale

44 1705 145 1756 contra
160 1693 355 1774 Religionem.

73 1773 135 1858 dil.
159 1773 266 1836 Restat
285 1773 420 1853 quaestio.
444 1774 545 1836 ntrdm
572 1773 733 1856 perjurium
760 1774 992 1856 promisssorium

39 1853 214 1934 musitasse
235 1853 351 1920 reniale
369 1867 527 1936 peccatum
548 1857 586 1918 ob
599 1855 773 1935 parvitatem
793 1855 924 1916 materiae
937 1874 997 1918 non

41 1933 220 2013 adimpletae,
233 1953 262 1993 v.
274 1955 304 2012 g.
318 1933 344 1994 si
364 1933 507 2014 quispiam
532 1955 600 1996 cum
623 1935 786 1996 intentione
808 1931 996 2016 adimplendi,

38 2011 181 2092 juraverit
194 2013 280 2074 alteri
291 2013 459 2106 acceptanti
473 2013 542 2075 dare
556 2035 619 2074 rem
628 2014 767 2094 exiguam
780 2015 927 2076 valentem
938 2033 996 2077 uno

37 2092 140 2165 solido,
157 2093 210 2154 sed
236 2104 339 2172 postea
352 2113 416 2154 sure
430 2113 519 2154 causa
533 2105 639 2154 renuat
653 2093 732 2154 dare.

72 2171 130 2232 lv.
147 2171 185 2231 lt.
199 2171 325 2252 Sylvius,
337 2171 455 2243 Suarez,
479 2173 624 2234 Daelman
638 2175 745 2252 aliique
767 2173 928 2234 'admittunt
947 2191 997 2232 ve·

37 2251 114 2312 niale
125 2271 168 2314 ex
181 2251 326 2332 puritate
346 2253 486 2325 materia,
505 2255 562 2314 sed
578 2253 612 2314 'in
626 2253 822 2332 explicatione
844 2251 997 2312 difficulta-

37 2331 248 2402 tumtdiversas
258 2329 465 2410 ingrediuntur
478 2331 549 2404 viss,
564 2345 599 2394 ut
621 2331 731 2393 fatetur
747 2333 855 2394 Suarez
877 2331 995 2394 easdem

37 2411 186 2490 rejiciens,
200 2429 302 2472 revera
314 2411 524 2484 indicium‚eas
538 2433 597 2474 non
611 2432 676 2472 esse
690 2425 786 2472 rectas
800 2413 847 2472 vel
861 2423 949 2472 totas.

74 2489 219 2570 Wiggars
232 2489 282 2551 Tr.
294 2491 324 2550 8.
336 2511 366 2552 n.
391 2493 456 2554 155.
478 2489 599 2554 Lessius
613 2513 639 2552 c.
649 2493 700 2550 42.
712 2491 780 2552 dub.
794 2494 822 2550 5.
835 2491 951 2552 Bonae.
964 2490 995 2550 in

38 2569 149 2631 Decal.
162 2569 207 2630 dis
228 2611 236 2628 .
249 2574 279 2630 4.
292 2591 321 2650 p.
334 2569 540 2652 14.VanRoy
554 2583 575 2632 t
589 2573 617 2630 2.
628 2592 654 2634 c.
664 2573 693 2633 5.
703 2593 731 2651 q.
744 2574 773 2630 2.
787 2569 918 2630 Boudart
929 2579 953 2629 t.
966 2574 995 2628 4.

34 2649 87 2708 Tr.
100 2651 133 2710 5.
148 2645 235 2732 5..
250 2649 349 2710 Pauo.
369 2649 559 2730 stolaque
576 2651 705 2712 unanimi
719 2651 832 2712 ratione
847 2649 994 2710 sustinent

36 2729 66 2788 in
87 2727 146 2790 tali
158 2729 286 2823 perjurio
295 2750 355 2790 non
369 2729 431 2790 dari
443 2729 558 2792 veniale
572 2751 610 2792 ex
629 2729 773 2810 parvitate
787 2730 926 2800 materie,
947 2728 995 2790 cui

38 2819 198 2870 sententiaa
212 2809 433 2874 subscribimus.

72 2889 113 2948 V.
137 2887 179 2948 Et
201 2886 266 2949 haec
287 2899 335 2950 est
357 2887 490 2950 doctrina
523 2888 553 2950 S.
567 2889 697 2960 Thomae,
721 2891 749 2948 2.
771 2891 798 2948 2
814 2911 841 2969 q.
856 2889 905 2946 98.
919 2907 944 2946 a.
965 2889 994 2946 3.

36 2968 113 3028 adl.
129 2967 184 3030 “si
195 2967 302 3048 aliquis
311 2989 372 3028 non
395 2969 524 3048 impleat,
542 2969 625 3048 quod
638 2979 758 3030 coactus
764 2967 885 3047 J'uravit,
899 2969 995 3046 perju-

32 3047 113 3108 rium
128 3047 292 3108 incurrit&
304 3047 469 3110 mortaliter
482 3045 624 3128 peecat”:
645 3047 717 3110 item
732 3069 760 3127 q.
774 3049 823 3106 89.
836 3067 861 3106 a.
876 3049 904 3104 7.
919 3047 948 3104 in
967 3067 993 3106 c.

36 3131 61 3185 dl
86 3122 133 3201 ad
143 3125 167 3186 1.
189 3137 310 3220 propter
328 3128 522 3188 reverentiam
549 3127 640 3188 divini
667 3125 827 3188 testimonii
850 3126 995 3206 obligatur

34 3206 135 3278 homa
150 3216 185 3266 ut
196 3205 286 3268 faciat
299 3227 365 3268 esse
378 3227 480 3267 verum
498 3207 537 3278 id.
552 3207 630 3286 quod
639 3207 758 3300 iuravit.
780 3269 784 3274 ,

72 3285 134 3346 VI.
153 3281 300 3348 Probatur
315 3287 531 3348 irroratione:
553 3286 584 3346 in
598 3285 649 3348 tali
664 3285 793 3366 perjurio
806 3285 995 3365 constituitur

35 3365 996 3446 lleustestisfalsi3narnsupponiturjuramentumadhucobligare
1047 3427 1057 3438 .

32 3465 160 3513 manere
173 3445 311 3516 validum,
335 3445 467 3525 adeoque
481 3445 565 3506 Deus
589 3457 757 3526 perseverat
771 3465 835 3506 esse
846 3445 931 3504 testis
946 3445 996 3504 do·

39 3545 96 3586 nec
111 3525 290 3604 impleatur:
315 3525 340 3586 si
353 3536 452 3586 autem
465 3546 523 3586 non
541 3525 707 3604 impleatur,
721 3525 806 3586 Deus
829 3525 862 3584 iit
882 3525 912 3584 in
926 3535 995 3586 actu

30 3605 175 3665 exercito
186 3603 271 3666 testis
284 3603 358 3676 falsi
374 3625 443 3684 ergo
452 3615 592 3685 peccatur
610 3605 780 3670 mortaliter.
1028 3611 1032 3618 '

74 3682 221 3744 Secundd
235 3683 266 3742 in
275 3687 445 3763 juramento
455 3683 611 3745 assertorio
624 3704 683 3743 non
697 3685 784 3748 datur
794 3684 920 3764 parvitas
934 3703 994 3743 ma-

32 3764 135 3831 teriae,
146 3783 216 3842 ergo
230 3783 286 3824 nec
301 3763 330 3823 in
345 3763 538 3845 promissorio,
566 3763 635 3850 quia
647 3775 717 3830 sunt
735 3768 903 3850 juramenta
916 3765 994 3844 ejus·

32 3841 109 3902 dem
126 3841 256 3906 rationis.
