2254 4072
171 145 231 207 886
445 157 576 202 course
599 147 859 212 connascendo.

172 300 297 364 indictio
310 298 427 370 doloris,
441 305 467 360 d
488 302 594 362 sensus
608 297 804 380 poenslintes,
827 301 945 382 vigilio,
971 319 1089 380 surgere
1103 301 1108 360 l

172 382 261 452 lecto,
277 399 336 442 non
345 379 525 445 decumbere
539 399 628 460 super
639 380 767 452 dorsum,
777 382 831 442 sed
844 383 874 442 iu
887 382 987 444 latere
1000 380 1108 440 umbo

173 479 264 540 super
285 471 390 552 pectus
416 459 534 552 inflexis
558 479 613 538 per
629 460 753 520 modum
776 461 897 554 crucis:
915 466 941 520 tr
964 460 994 522 si
1018 459 1108 538 quisi

175 559 280 680 ⁸⁰'ill
289 539 1108 699 tobi{laetititllnlfntln1....n

174 697 405 791 cogitationibus
424 697 592 777 impudicis,
608 718 648 760 ex
669 698 833 793 pbantaaia,
847 698 1072 778 imaginatione,
1084 719 1108 757 re

173 789 621 918 denuntient*
633 777 798 928 {dlii
812 779 967 920 tulit
975 797 1108 916 ulli

176 935 292 1016 Angeli·
305 935 455 1008 Custodia,
469 940 521 997 &c
534 936 690 1010 meditatio
700 937 849 998 Passionis
864 936 991 1006 Christi,
1006 955 1108 1016 praeser

177 1017 227 1078 tite
240 1016 311 1086 Dei,
323 1027 451 1095 quatuor
462 1016 704 1078 novissimorum:
725 1017 798 1078 item
819 1029 952 1112 mentem
977 1021 1006 1074 dt
1030 1036 1108 1094 corpu

178 1096 264 1162 tense
278 1095 426 1189 applicare
440 1096 479 1158 ad
491 1096 549 1158 alia
561 1097 680 1175 objecta
697 1100 723 1154 δι
736 1097 866 1176 negotia,
887 1095 1013 1158 etiamsi
1028 1105 1108 1173 tempo

178 1175 266 1244 ralia3
286 1195 330 1236 stc
343 1176 422 1236 enim
437 1175 537 1237 clavus
551 1175 634 1236 clavo
648 1175 777 1255 pellitur.

219 1254 342 1334 Collige,
365 1253 447 1334 qudd
470 1275 529 1314 non
550 1255 685 1316 omnibus
708 1255 813 1316 eadem
837 1255 971 1316 remedia
992 1254 1108 1332 sintpre

181 1333 347 1405 scribenda,
362 1333 417 1395 sed
429 1333 613 1413 inspicienda
623 1334 662 1394 sit
675 1335 761 1394 radix
774 1339 913 1404 &causan
932 1335 959 1394 si
971 1335 1053 1395 enim
1062 1353 1108 1394 con

179 1415 326 1478 motiones
349 1414 480 1479 oriantur
501 1431 540 1478 ex
561 1414 750 1484 abundantis,
773 1414 996 1494 prescribenda
1019 1415 1108 1492 jejuni

179 1499 242 1564 dre,
268 1493 294 1554 ai
308 1495 392 1554 mere
406 1513 446 1554 ex
459 1493 689 1573 cogitationibus
711 1494 760 1555 vel
782 1493 957 1564 ddaemone,
975 1493 1108 1574 spirituali

181 1573 280 1634 media
293 1573 463 1652 prevalent.

221 1652 276 1714 IX.
297 1652 445 1717 observat
459 1651 490 1717 S.
504 1651 610 1714 Thous.
633 1652 664 1712 ln
679 1651 706 1720 li
728 1694 736 1710 .
752 1654 778 1712 l.
792 1652 831 1714 ad
845 1652 913 1714 Cor.
927 1671 997 1731 cap.
1012 1653 1041 1710 6.
1053 1651 1108 1712 Len

180 1735 211 1794 6.
224 1731 305 1812 qudd
319 1731 499 1796 tentationes
506 1751 648 1802 ‚venmeae
674 1671 792 1802 feiicitls
813 1732 972 1796 vincantur
987 1730 1108 1809 fugiendo

181 1811 271 1892 quim
293 1811 475 1874 resistendo:
494 1811 700 1890 quiaquantd
722 1811 817 1891 magis
831 1812 930 1872 horno*
965 1811 1108 1872 articulari

180 1894 299 1971 objecta
311 1892 407 1962 carnis
421 1892 597 1962 considerat,
622 1903 705 1954 tanto
728 1891 822 1969 magis
845 1891 933 1952 incen
967 1903 1029 1960 tur,
1050 1901 1108 1968 stqn

186 1971 254 2032 ideo
279 1971 442 2050 Apostolus
469 1971 494 2030 1.
507 1971 547 2037 ad
572 1971 639 2032 Cor.
664 1974 695 2038 ,6.
716 1971 813 2038 dicut:
835 1971 955 2050 “fugite
970 1970 1108 2030 fornicatio

182 2049 278 2120 nem,”
300 2056 326 2110 d
341 2050 432 2112 Zach.
446 2053 474 2109 2.
485 2071 512 2110 a.
526 2053 555 2110 θ’.
577 2051 708 2129 “Fugite
721 2051 760 2114 de
775 2061 854 2110 terra
866 2049 1043 2129 aquilonis.”

223 2129 310 2196 Quod
324 2129 403 2190 idem
417 2130 581 2190 consulitur
603 2130 633 2188 in
648 2129 861 2190 tentationibus
885 2141 993 2190 contra
1007 2128 1087 2188 fidem
1100 2133 1107 2186 l

182 2209 833 2358 'built⁰3⁸lllllllzll⁰bll⁰
846 2209 1004 2348 lilii.
1032 2286 1107 2365 ..gn

184 2370 282 2430 tiones
305 2367 479 2440 immundas,
507 2368 578 2428 dum
593 2351 729 2447 'primum
752 2368 895 2438 incidunt,
919 2388 981 2430 uon
1009 2366 1107 2446 aspiciat

185 2447 289 2528 quales
317 2448 377 2510 sint
400 2447 431 2508 in
444 2447 624 2527 particulari,
646 2448 702 2508 sed
714 2468 765 2508 eas
789 2467 858 2512 mox
872 2452 899 2518 dl
912 2447 1059 2510 instanter
1071 2465 1106 2505 col

187 2539 309 2598 temnat,
323 2548 382 2588 non
396 2528 492 2588 dando
516 2539 633 2608 tempus
651 2527 817 2588 intellectui
841 2527 1018 2588 reflectendi
1040 2525 1106 2585 ades

185 2608 233 2668 vel
248 2607 418 2686 disputandi
432 2627 500 2670 cum
520 2608 585 2676 eis;
604 2607 637 2668 id
658 2607 850 2672 similitudine
873 2607 1025 2666 declarat:
1044 2601 1106 2664 siml

186 2686 880 2846 illidit},lttmlltmptlsstlnmllzt
890 2684 1106 2844 illeille}

186 2846 298 2906 ibidem
312 2846 419 2924 pulset
433 2846 502 2906 Hoc
515 2846 655 2906 methodo
670 2847 700 2906 S.
718 2845 815 2906 Maria
824 2845 927 2924 Magd.
940 2845 979 2906 de
996 2843 1105 2904 Puzziss

187 2926 232 2987 ita
245 2925 275 2984 in
289 2945 404 2996 summa
416 2926 555 2988 castitate
569 2925 706 2996 servavit,
720 2936 754 2987 ut
768 2925 912 3004 quidquid
925 2945 993 2984 earn
1011 2923 1105 2984 laederet

189 3005 308 3086 penitus
336 3005 533 3098 ignoraverim
578 3006 658 3076 unde
694 3004 767 3064 illud
797 3005 909 3066 dictum
942 3003 1105 3071 Medicorum

152 3149 155 3158 ,
189 3093 208 3130 -“
217 3084 375 3224 Principiis
390 3084 498 3156 obsta,”
519 3085 650 3146 maxime
663 3085 762 3146 locum
776 3083 890 3145 obtinet
903 3083 933 3144 in
946 3081 1083 3144 venereis

230 3165 288 3234 XI.
341 3165 525 3242 bpraefatam
544 3166 580 3226 S.
601 3165 723 3226 Thomae
744 3163 887 3226 rationem
909 3163 1078 3229 consulitur,
1096 3177 1104 3215 l

187 3245 306 3324 quando
323 3244 411 3306 homo
428 3245 656 3323 cogitationibus
673 3243 832 3304 immundis
851 3244 985 3304 turbatus
1005 3241 1065 3308 fuit,
1076 3257 1104 3300 no

186 3345 258 3396 mox
266 3323 424 3396 examinet,
439 3326 539 3385 utrum
552 3325 595 3386 eis
604 3343 780 3388 consensum
789 3323 955 3402 prebuerit,
970 3321 1033 3382 sive
1043 3319 1104 3378 null

189 3405 367 3486 peccaverit,
386 3423 424 3464 ne
435 3404 605 3484 imaginatio
619 3423 723 3470 recens
737 3402 901 3470 reviviscat.

230 3483 300 3556 XII.
319 3483 467 3544 observat
489 3485 519 3544 S.
539 3484 643 3554 Thous.
660 3485 686 3542 l.
699 3485 728 3542 2.
746 3503 776 3560 q.
788 3485 837 3552 44,
856 3501 883 3548 a.
906 3483 934 3556 3.
954 3479 993 3541 ad
1009 3481 1033 3538 l.
1055 3475 1103 3556 qud

190 3573 288 3622 motus
303 3561 435 3622 carnales
449 3563 626 3642 quandoque
639 3563 814 3642 proveniant
832 3581 871 3621 ex
882 3559 995 3629 timore,
1006 3558 1066 3638 quia
1080 3575 1103 3634 ps

188 3641 324 3702 timorem
338 3639 417 3698 calor
438 3641 598 3720 &spiritus
613 3641 754 3702 animales
774 3639 964 3714 descendunt
986 3639 1026 3700 ad
1044 3635 1103 3696 infel

188 3739 255 3781 ores
268 3728 388 3796 ,purten
407 3732 495 3795 prout
517 3719 841 3798 nonnunquamevenit
855 3718 999 3780 timoratis
1022 3715 1103 3776 nimiis

174 3797 294 3868 ,anxiin
312 3807 469 3879 propterea
481 3798 593 3870 debent
608 3799 649 3870 illi
663 3799 694 3860 in
709 3799 922 3867 tentationibus
936 3797 1103 3878 confugeras
