2256 4090
552 193 604 236 nn
624 191 717 238 VOTO.

314 393 354 456 u.
376 353 441 454 ror.
480 393 538 460 ns
553 391 835 456 runrmrrous
856 391 963 452 voni.

423 549 889 632 somatopoeia„

150 712 360 794 ,ineptatio
401 709 441 770 11.
461 709 582 790 Dupteoe
593 709 849 786 modusirritundi.
889 707 946 768 111.
971 707 1052 784 Quid
1056 730 1104 790 po-

222 803 305 854 tectus
327 793 513 850 deminution.
533 837 536 842 ,
559 789 612 848 IV.
631 789 764 850 Irritatio
800 787 863 846 Voti
883 791 944 847 une
965 808 1053 848 eausa
1070 801 1105 849 est

221 869 500 948 oaddaaliquundo.
540 867 576 926 V.
596 867 780 948 Differentioe
793 867 866 926 inter
883 869 1103 942 irritatiorwnsir

202 1111 228 1178 Ι.
248 1107 328 1174 Quid
341 1117 386 1166 est
400 1104 523 1166 irritatio
536 1104 621 1166 voti?

202 1189 240 1248 R.
260 1188 316 1248 Est
328 1185 488 1246 annullatio
508 1184 568 1244 voti
582 1183 679 1254 validi,
700 1202 758 1244 nou
771 1183 854 1254 firmi,
878 1182 957 1244 facta
968 1179 1006 1244 a'b
1021 1183 1104 1255 euin

161 1271 248 1348 cujus
261 1276 407 1346 potestate
421 1264 589 1324 esthabere
602 1275 703 1328 votum
715 1274 820 1324 ratum.

65 1351 67 1354 '
201 1345 351 1408 Fundetur
360 1354 461 1407 autem
473 1342 642 1404 irritationis
655 1342 735 1402 valor
748 1342 779 1402 in
789 1339 954 1404 conditione
967 1336 1105 1422 implicita

100 1464 104 1468 .
162 1429 219 1486 hac
232 1436 284 1485 aut
296 1422 399 1484 simili:
422 1429 440 1460 “
450 1421 505 1482 nisi
519 1422 650 1500 superior
663 1419 831 1492 renitatur‚’.'
845 1442 910 1500 quae
924 1419 1053 1484 conditio
1067 1421 1104 1480 in·

162 1515 209 1566 est
222 1523 274 1584 per
287 1521 320 1564 se
333 1499 412 1562 omni
425 1512 493 1562 voto
507 1501 664 1562 irritaltili.¹
1035 1562 1037 1566 ,

202 1584 241 1646 11.
265 1581 423 1660 Duplicem
436 1579 569 1650 irritandi
590 1580 708 1640 modum
730 1580 865 1659 proponit
878 1580 995 1652 Suam,
1018 1600 1105 1640 uuum

162 1664 308 1724 directum
330 1660 485 1753 &proprie
509 1661 629 1730 dictum,
652 1679 709 1738 quo
723 1659 852 1720 irritatur
875 1667 959 1718 ectus
972 1659 1035 1718 voti
1057 1679 1106 1737 per

162 1752 339 1822 potestatem
353 1738 566 1810 dominativum,
580 1740 742 1800 naturalem
756 1739 802 1798 vel
817 1735 1013 1818 spiritualemt
1037 1739 1105 1798 alte-

163 1842 228 1882 rum
241 1820 418 1888 indirectum
432 1837 471 1878 ex
483 1829 567 1897 parte
580 1811 708 1878 materiae
723 1819 864 1896 subjectae
877 1817 970 1886 alteri,
993 1817 1105 1886 sedhic

164 1901 268 1961 modus
278 1898 381 1962 reduci
393 1908 492 1976 potest
501 1897 539 1957 ad
551 1897 679 1967 modum,
694 1917 751 1977 quo
762 1908 858 1958 cessat
875 1909 974 1956 votum
988 1897 1026 1956 ob
1046 1916 1106 1956 mu·

163 1981 304 2040 tationem
314 1975 638 2056 materioe,&competlt
646 1977 734 2050 etiam
743 1975 881 2054 potestati
888 1975 1107 2054 jurisdictionis.

199 2059 254 2118 111.
263 2059 398 2117 Potestas
409 2055 586 2114 dominativa
596 2055 712 2125 dicitur,
726 2055 774 2115 cui
782 2073 890 2116 vorens
902 2055 997 2134 quood
1006 2055 1107 2116 volun-

161 2149 261 2208 tatem,
276 2148 414 2215 tanquam
424 2155 482 2194 non
493 2133 536 2194 sui
546 2134 620 2214 juris
634 2146 680 2200 est
692 2137 851 2213 subjectus,
866 2139 891 2192 dr
904 2137 940 2194 ab
949 2153 985 2194 ea
997 2134 1106 2214 depen-

160 2219 244 2278 dens.
283 2213 460 2293 Hujusmodi
491 2213 580 2274 habet
606 2224 690 2291 pater
716 2214 746 2271 in
779 2213 890 2291 prolem
917 2214 1107 2291 impuberem,

163 2299 264 2358 Abbas
278 2295 307 2353 in
321 2294 504 2363 monachum,
518 2297 570 2354 &c-
621 2297 623 2300 ’
991 2357 994 2360 ,

201 2377 250 2435 An
264 2374 388 2434 irritatio
401 2372 462 2432 voti
475 2372 538 2432 sine
548 2375 629 2451 justa
643 2391 730 2432 causa
743 2383 789 2432 est
803 2371 919 2432 valido?

196 2455 249 2514 1v.
264 2453 301 2512 R.
315 2453 444 2512 lrritatio
455 2451 567 2511 directa
579 2469 632 2530 per
646 2462 822 2529 potestatem
836 2451 1044 2512 dominativam
1060 2465 1104 2512 est

158 2533 262 2604 valida,
277 2532 345 2611 quia
358 2531 474 2591 irritans
487 2530 579 2592 utitur
589 2534 656 2610 jure
670 2550 737 2599 suos
750 2550 808 2590 non
822 2541 868 2592 est
881 2541 979 2591 tamen
989 2551 1107 2610 semper

160 2613 249 2674 licita.
288 2611 415 2671 Irritatio
429 2609 499 2681 voti,
523 2631 588 2689 quae
602 2609 736 2688 procedit
749 2608 767 2668 i
780 2609 841 2670 sola
861 2622 1008 2688 potestate
1018 2611 1108 2690 juris·

160 2689 306 2760 dictionis,
330 2691 393 2750 sine
403 2693 485 2769 justa
501 2709 589 2750 causa
602 2700 649 2748 est
662 2687 795 2758 invalida,
820 2689 887 2767 quia
898 2689 962 2750 haec
975 2701 1110 2768 potestas

160 2780 318 2832 exercetur
332 2769 426 2829 soldm
448 2767 675 2829 ministerialiter
692 2769 780 2846 juxta
792 2768 991 2830 rationabilem
1005 2770 1109 2828 volun·

160 2862 251 2910 tatem
273 2848 441 2928 principalia
464 2849 514 2928 qui
527 2859 574 2908 est
595 2847 687 2918 Deus,
712 2847 833 2925 quinon
854 2845 917 2906 'vult
931 2847 1110 2923 sinescausa

158 2927 330 3008 dispensari,
344 2928 398 2988 sed
411 2926 545 2988 fideliter.
906 2987 907 2992 ,
1087 2979 1089 2992 ,

199 3007 278 3082 Nota
299 2999 492 3068 differentiam
506 3005 696 3066 irritationem
710 3003 787 3065 inter
800 3009 826 3064 u
839 3005 1109 3084 dispensationem:

201 3090 227 3146 l.
247 3085 375 3152 irritatio
389 3086 502 3148 directa
513 3085 547 3146 fit
560 3105 613 3164 per
626 3095 803 3164 potestatem
818 3083 1033 3158 dominativum,
1048 3087 1109 3146 dis·

155 3166 291 3247 pensatio
304 3165 439 3245 procedit
452 3163 471 3224 ri
483 3175 631 3244 potestate
640 3161 861 3244 jurisdictionis.

150 3273 152 3276 ’
197 3247 225 3304 2.
246 3245 375 3306 Irritatio
387 3243 448 3305 voti
462 3245 573 3304 directa
582 3255 629 3303 est
641 3241 737 3302 valido
749 3241 828 3304 facta
838 3242 900 3303 sine
910 3245 992 3322 justa
1004 3264 1107 3315 causa,

158 3325 337 3404 dispensatio
349 3325 411 3386 voti
425 3323 486 3384 sine
495 3327 578 3402 justa
590 3341 678 3384 causa
691 3331 738 3382 est
755 3320 889 3382 in'valids.

198 3407 226 3462 3.
247 3404 375 3464 Irritatio
388 3402 508 3481 respicit
522 3399 702 3462 solummodo
723 3411 824 3460 votum
837 3421 894 3461 non
908 3400 1031 3474 firmum,
1046 3401 1110 3464 dis·

158 3482 291 3561 pensatio
306 3483 475 3566 extenditur
489 3482 526 3544 ad
539 3492 608 3542 vota
621 3481 710 3542 etiam
724 3477 814 3540 firma
