2254 4072
406 123 450 170 aa
470 121 646 173 canutoua.
947 111 1005 170 397

48 259 190 326 tionlsirn
211 265 348 338 erfectae;
372 268 541 336 “aflectus’'
555 266 626 330 ver-d
649 275 668 305 “
715 263 808 328 ccuti”
832 269 1003 349 superaddit

46 355 176 420 peccato
190 283 337 410 habituali
347 359 446 410 actum
460 347 564 412 saltem
578 347 636 408 virt
685 367 732 412 am
746 347 793 408 vel
817 345 1003 428 implicitum.

48 499 55 513 ·
88 421 131 482 Il.
152 423 194 484 Et
206 447 245 488 ne
259 427 290 488 in
303 448 377 508 vago
391 429 572 498 aberremus,
600 425 770 506 exemplum
798 427 925 506 positum
946 427 1003 490 fuit

46 521 78 560 tn
93 503 153 574 illo,
167 503 217 584 qui
230 507 318 573 mane
332 507 463 587 concipit
486 507 600 568 firmam
622 505 817 568 intentionem
835 527 888 570 seu
902 508 1002 581 voluu-

46 593 144 664 tatem
159 575 314 648 occidendi
337 585 502 658 inimicumt
525 587 588 668 ipse
612 605 652 647 ex
665 606 701 647 ea
724 585 887 650 intentione
900 589 1003 668 arripit

45 659 115 731 iter,
129 667 157 722 u
171 663 202 724 in
214 666 262 726 via
272 665 440 745 ingrediens
451 665 608 745 Templum
618 663 744 745 aliquod,
754 665 863 728 ibidem
876 665 1002 730 interest

44 739 153 804 Missae
168 745 225 806 ob'
247 745 355 806 ationis
367 747 415 808 die
428 745 514 816 festo,
529 765 588 806 non
597 746 730 826 cogitans
745 743 854 806 ibidem
867 757 938 809 actu
948 767 1001 808 seu

44 819 162 884 reflexb
176 823 214 884 de
249 823 403 888 omicidio:
423 823 507 886 finita
524 823 620 886 Missa
633 845 672 886 ex
685 835 891 918 praecoucepta
904 825 1000 893 inten-

46 898 129 962 tione
143 903 332 984 prosequitur
345 903 423 966 viam
444 909 470 966 dt
491 903 601 966 occidit
618 903 778 964 inimicum.
820 903 1000 997 supponitur

44 977 74 1036 in
89 979 151 1044 hoc
165 984 310 1064 exemplo,
335 983 417 1064 qudd
439 981 588 1046 homicida
610 983 659 1044 ille
673 996 807 1066 tempore
825 983 928 1044 Mrssae
942 1007 1000 1046 non

46 1063 259 1138 retractaverit
271 1063 467 1124 intentionem
495 1058 669 1132 occidendi;
691 1074 763 1124 tunc
777 1063 855 1122 enim
869 1077 1000 1126 cessaret

44 1141 181 1234 quaestio,
195 1141 266 1222 quia
278 1155 411 1204 cessaret
434 1141 559 1206 affectus
568 1141 684 1223 peccati
694 1162 748 1222 per
759 1143 998 1228 retractationem

44 1222 231 1288 intentronis.

82 1299 144 1358 111.
164 1299 200 1362 In
213 1301 270 1362 hoc
294 1301 430 1382 exemplo
444 1299 505 1362 sive
528 1299 678 1385 supposito
693 1301 811 1364 videtur
827 1301 997 1373 dicendum,

43 1377 127 1456 qudd
142 1379 205 1460 ipse
233 1401 292 1452 nou
319 1381 497 1456 satisfecerit
523 1393 676 1462 praecepto
698 1381 837 1442 audiendi
861 1381 996 1453 Missam,
1016 1381 1033 1398 ⁸

39 1459 132 1534 juxta
158 1473 348 1540 praeceptum,
383 1459 606 1532 “reverentes''
640 1479 694 1520 seu
728 1481 797 1522 cum
833 1461 998 1530 reverentia

43 1537 152 1616 utique
166 1539 283 1600 interna
303 1545 328 1600 a
347 1539 492 1620 religiosa,
507 1561 573 1620 quae
596 1539 727 1620 pertinet
748 1540 787 1600 ad
800 1541 993 1605 substantiam

41 1620 132 1678 actius
146 1619 296 1700 praecepti,
311 1618 439 1701 quisine
454 1640 510 1680 usu
521 1619 625 1698 gratiae
640 1619 779 1700 compleri
793 1617 904 1698 nequit.
979 1617 982 1627 '

82 1695 141 1755 IV.
162 1698 251 1758 Ratio
265 1699 394 1760 demeat
407 1699 496 1760 Num.
509 1699 557 1758 61.
571 1699 707 1768 nimirum
722 1695 800 1782 quod
813 1697 952 1778 implicet,
963 1712 996 1768 ut

43 1775 181 1838 voluntas
195 1799 249 1857 per
262 1792 418 1860 peccatum
433 1778 555 1840 mortale
579 1778 640 1838 sive
663 1797 716 1860 per
740 1777 933 1838 intentionem
947 1800 995 1840 oc-

42 1853 165 1918 cidendi
178 1855 327 1921 hominem
342 1857 456 1920 infinite
478 1879 511 1920 se
526 1857 669 1936 quantrim
683 1869 729 1918 est
743 1857 780 1918 de
794 1878 836 1928 se,
851 1869 963 1920 avertat
978 1860 996 1918 a

42 1932 122 2006 Deo,
138 1957 266 2016 eumque
280 1950 450 2014 contemnat
471 1943 497 1998 ἃ
518 1937 681 2008 inhonoret,
704 1937 848 1998 &eadem
861 1937 996 1998 voluntas

40 2013 132 2074 simul
146 2017 251 2078 eodem
266 2029 399 2098 tempore
412 2038 466 2100 per
480 2037 564 2078 usmu
586 2017 688 2096 gratia
712 2015 941 2096 supernaturalis
962 2037 995 2078 se

41 2107 199 2157 convertat
211 2097 249 2156 ad
264 2097 373 2168 Deum,
385 2117 511 2176 eumque
521 2097 646 2156 honoret
656 2093 804 2156 offerendo
813 2095 993 2156 Sacrificium

40 2173 233 2236 latreuticum
256 2181 283 2236 a
305 2171 549 2257 propitiatorirum,
572 2176 715 2256 quantum
738 2175 777 2236 ad
794 2195 880 2237 auam
894 2195 993 2256 perso-

40 2273 128 2394 1131ηᾶ
148 2255 234 2328 adde,
249 2255 331 2336 qudd
339 2269 431 2336 ponat
452 2255 610 2338 positivum
635 2255 748 2316 obicem
772 2255 874 2336 gratiae
889 2259 914 2314 δι
928 2258 993 2316 usui

41 2353 105 2394 eus
129 2354 186 2396 em.

53 2354 118 2472 JV.
138 2413 283 2476 Probatur
306 2413 438 2476 secundd
462 2435 501 2476 ex
525 2413 678 2494 Scriptura
692 2413 723 2474 S.
737 2434 803 2493 quae
818 2413 926 2491 ubique
947 2435 992 2475 re·

39 2492 132 2570 quirit
146 2505 181 2554 ut
193 2493 289 2574 primd
303 2507 442 2576 peccator
455 2515 487 2554 se
503 2505 656 2554 convertat
668 2497 801 2554 &cesset
815 2493 989 2572 ripaccatis:

38 2569 125 2632 lsaiae
142 2575 168 2632 1.
181 2594 210 2632 v.
226 2576 271 2633 14.
305 2583 323 2611 “
333 2573 479 2636 calendas
493 2585 608 2633 vestras
622 2577 648 2632 a
662 2571 863 2634 solemnitates
877 2584 990 2634 vestras

38 2650 134 2712 odivit
157 2651 254 2712 anima
276 2657 408 2720 meam&
431 2653 500 2715 crim
523 2652 720 2714 extenderitis
743 2672 847 2712 manus
868 2665 990 2722 vestras,

37 2743 171 2792 avertam
180 2734 280 2794 oculos
289 2733 398 2794 measti
412 2733 492 2794 vobis
504 2755 512 2792 :
535 2733 638 2793 &crim
648 2731 913 2812 multiplicaveritis
928 2752 990 2800 ora-

37 2811 160 2881 tionem,
175 2833 233 2872 non
244 2811 414 2876 exaudiam:
424 2832 528 2872 manus
540 2812 617 2872 enim
629 2823 734 2873 vestrae
743 2811 885 2890 sanguine
896 2809 990 2890 plenae

36 2905 115 2952 sunt.
126 2912 154 2949 v.
171 2895 216 2952 16.
231 2893 374 2972 quiescite
385 2911 473 2972 agere
488 2889 651 2970 perverse?

75 2971 222 3032 meatus
244 2984 345 3034 textus
367 2992 424 3032 non
441 2982 540 3050 potest
554 2969 692 3050 restringi
705 2969 744 3030 ad
764 2989 813 3030 eos
828 2969 914 3039 solos,
938 2971 989 3049 qui

35 3062 106 3110 actu
119 3064 245 3112 externo
259 3063 432 3132 perpetrant
449 3062 614 3130 peccatum,
639 3070 706 3110 nam
721 3069 757 3109 eo
771 3060 913 3130 tempore,
931 3069 989 3129 quo

36 3132 162 3190 orabant
185 3151 243 3191 non
265 3131 477 3211 perpetrabant
500 3129 676 3190 homicidia:
700 3127 782 3221 atqui
806 3149 864 3188 non
889 3141 988 3208 potest

35 3210 126 3270 etiam
141 3210 263 3285 extendi
276 3211 315 3272 ad
328 3231 389 3280 eos,
414 3209 464 3290 qui
488 3209 583 3270 sohim
605 3208 635 3267 in
658 3207 828 3268 “habituali
848 3207 988 3286 peccatd’

35 3292 163 3359 stabant,
186 3290 256 3370 quia
277 3291 362 3352 Deus
386 3310 488 3350 eorum
509 3309 614 3368 preces
636 3287 768 3357 exaudit,
791 3288 860 3348 clun
874 3288 988 3366 possint

35 3369 197 3444 procedere
211 3391 251 3430 ex
264 3369 359 3449 gratia
372 3373 398 3430 dr
411 3390 478 3431 cum
497 3366 672 3430 contritione
686 3366 868 3446 imperfecta,
883 3367 988 3448 quibus

36 3447 122 3508 Deus
135 3469 193 3510 non
208 3449 297 3510 dicit:
313 3457 398 3510 “non
412 3447 568 3510 exaudiam
581 3445 875 3508 orationesvestras.”
909 3447 989 3528 Ergo

36 3540 139 3588 textus
153 3529 244 3590 debet
256 3527 383 3608 intelligi
397 3527 434 3590 de
448 3528 515 3598 illis,
541 3526 591 3606 qui
606 3525 739 3588 existunt
752 3526 782 3586 in
796 3525 905 3588 affectu
918 3548 987 3608 pec·

34 3608 94 3667 cati
104 3607 235 3669 mortalis
244 3607 393 3670 effusionis
404 3606 569 3687 sanguinis;
583 3606 679 3685 agitur
690 3617 790 3666 autern
804 3603 835 3664 in
849 3617 935 3666 textu
949 3607 986 3666 de
1092 3611 1095 3630 ·’

34 3688 118 3748 cultu
130 3687 282 3760 festorum,
296 3687 344 3750 cui
355 3708 414 3748 non
427 3685 647 3748 satisfaciebant
657 3687 693 3746 ob
707 3685 845 3746 affectum
860 3687 985 3765 peccati,

34 3765 95 3827 sive
110 3767 179 3845 quia
193 3777 210 3807 “
222 3767 341 3828 manus''
357 3787 457 3828 eorum
472 3765 650 3846 “Sanguine
665 3763 777 3846 pleuoe”
792 3777 884 3835 erant,
899 3763 985 3824 datur
