2254 4072
122 146 195 239 ¹898
491 161 533 204 rm
554 139 731 206 on'arrorn.

135 317 236 367 autem
257 303 276 364 a
295 304 363 364 Deo
383 301 447 366 hac
471 303 558 364 unica
578 303 661 374 ratio,
683 322 741 364 nec
764 301 832 364 alibi
855 302 943 364 aliam
969 297 1097 362 indicat.

137 384 291 446 Sententia
313 385 378 445 brec
406 383 436 444 S.
460 383 617 462 Scripturae
644 383 790 464 generalis
817 395 872 453 est,
898 383 965 444 sine
980 401 1114 460 excep,

137 465 227 536 tione,
251 483 348 542 neque
375 463 451 524 ullus
475 463 557 524 locus
580 463 654 524 alius
680 463 840 542 Scripturae
855 463 1018 532 invenitur,
1040 469 1114 540 per*

136 563 223 622 quam
238 543 386 605 restrictio
402 543 498 602 evinci
522 542 624 621 possit.
666 543 778 602 Similia
803 543 833 604 S.
849 541 1014 635 Scripturae
1029 540 1114 600 loca}

136 623 287 702 aptissime
309 621 498 683 verificantur
525 624 555 682 in
582 621 627 693 iis,
655 622 705 702 qui
732 623 897 702 persistunt
921 641 953 680 m
982 597 1114 692 affectui

135 703 252 784 peccati
266 701 405 762 mortalis.
1113 761 1114 776 χ

177 783 229 842 VI.
252 779 409 842 'Probatur
435 779 525 842 tertid
552 800 591 842 ex
619 780 774 842 admissisr
808 779 980 842 admittitur
1005 777 1114 872 esslssbl

137 863 218 943 quod
231 861 376 942 quispiam
390 860 550 942 persistens
574 860 604 920 in
618 872 688 921 actu
707 861 823 942 peccati
837 859 972 920 mortalis
987 859 1053 918 sive
1068 857 1098 916 in
1113 881 1114 888 ¹

136 953 261 1024 peccato
274 939 384 1002 actuali
407 959 465 1000 non
479 939 640 1002 satisfaciat
654 940 711 1000 illis
731 960 828 1020 praece
850 940 888 998 tis
902 952 1032 1000 actuum
1047 958 1097 999 su·

135 1016 382 1102 perndturalium:
404 1021 556 1080 subsumor
577 1019 659 1098 atqui
681 1020 731 1080 illc
755 1041 789 1100 pr
827 1031 903 1089 atus,
931 1018 1098 1078 intendens

98 1129 101 1140 ¹
136 1101 274 1162 occidere
287 1098 446 1169 inimicum,
490 1099 600 1158 ersistit
623 1100 655 1158 in
675 1111 798 1178 peccato
811 1098 921 1160 actuali
938 1097 1098 1160 moraliter
1113 1113 1114 1126 ¹

136 1181 308 1243 continuato
322 1189 456 1258 ternpore
468 1120 595 1249 illissae,
611 1199 681 1257 ergo
700 1199 759 1240 non
773 1178 918 1240 satisfacit
930 1189 1098 1270 praecepto.
1113 1209 1114 1266 p

138 1262 236 1322 Probo
258 1260 481 1338 subsumptam:
522 1259 571 1318 uia
593 1269 750 1338 peccatum
770 1257 925 1337 adaequatd
949 1256 1114 1316 dlvidrtur÷

135 1341 167 1400 in
180 1339 295 1400 actuale
309 1343 334 1397 δι
348 1337 378 1398 in
392 1278 557 1408 habituale3
578 1337 659 1418 atqui
681 1337 730 1400 ille
754 1337 886 1418 persistit
908 1356 971 1396 non
987 1336 1097 1395 solum·
1113 1361 1114 1414 3

136 1421 224 1482 modo
234 1419 264 1479 in
277 1417 429 1487 habituali,
444 1417 523 1498 qnod
535 1427 582 1477 est
601 1417 663 1477 sola
684 1417 808 1487 macula,
829 1437 900 1495 ergo
914 1415 1056 1496 persistit
1067 1416 1097 1474 in
1113 1425 1114 1484 f

136 1499 255 1568 actuali,
270 1497 339 1578 quIa
351 1517 409 1557 non
423 1497 510 1558 datur
524 1497 644 1558 tertium
659 1497 809 1558 divisionis
823 1495 909 1556 istius
923 1496 1094 1556 membrum
1113 1553 1114 1570 ξ

138 1579 218 1660 apud
232 1577 398 1656 'Ibeologos
421 1577 579 1656 cognitum.

177 1657 245 1717 VII.
266 1657 334 1717 Non
348 1659 454 1726 obstat,
469 1655 549 1736 quod
562 1655 626 1736 ipse
644 1667 777 1736 tempore
791 1655 968 1716 Missoe‘non
984 1653 1097 1734 cogita,
1113 1721 1114 1726 η

137 1737 215 1798 verit
228 1737 339 1797 reflexe
351 1735 388 1796 de
401 1735 569 1796 homicidio.
1113 1749 1114 1798 ξ

179 1815 357 1896 Respondeo
365 1813 452 1884 enim,
463 1813 543 1908 quod
551 1814 688 1896 equidem
698 1827 831 1896 tempore
840 1814 944 1874 Missae
953 1833 1095 1894 perseve·
1113 1803 1114 1846 l

139 1895 249 1956 raverit
269 1893 394 1955 intentio
420 1893 574 1955 occidendi
605 1895 709 1955 saltem
729 1895 902 1964 virtualiter,
935 1893 1010 1954 edm
1039 1913 1114 1974 non}

138 1975 229 2036 fuerit
238 1985 407 2044 retractata,
421 1979 447 2032 δι
458 1995 497 2035 ex
511 1993 546 2034 ea
555 1973 744 2054 homicidium
754 1986 888 2034 secutum
897 1973 1003 2047 fixerit,
1013 1974 1095 2052 atqui
1113 1981 1114 2006 ¹

137 2055 188 2114 illa
201 2053 333 2114 virtualis
347 2051 472 2114 intentio
486 2051 516 2112 in
525 2053 683 2115 moralibus
697 2055 856 2132 aequivalet
867 2053 979 2134 actuali
991 2076 1000 2122 ς
1015 2073 1094 2132 ergo,

138 2139 191 2194 &c-
351 2151 353 2156 ’

178 2213 266 2274 Unde
280 2212 406 2272 eximius
420 2213 459 2271 Ι).
473 2211 617 2272 Daelman
642 2213 756 2273 Doctor
770 2212 842 2272 Lov.
863 2215 949 2292 cujus
962 2211 1095 2272 authori·

139 2305 184 2355 tas
199 2312 257 2352 non
271 2303 318 2352 est
331 2291 440 2370 exigua
453 2292 484 2350 in
498 2291 699 2352 Universitate
723 2293 796 2352 Lov.
815 2293 846 2352 in
861 2293 962 2353 Tract.
987 2293 1028 2352 de
1044 2293 1094 2352 Sa-

139 2393 228 2437 cram.
243 2374 304 2433 obs.
327 2374 355 2429 2.
375 2371 516 2432 describit
539 2371 693 2432 virtualem
721 2372 924 2442 intentionem,
949 2371 1034 2452 qudd
1058 2373 1094 2430 sit

139 2452 264 2514 intentio
278 2451 401 2511 actualis
421 2471 479 2510 non
493 2462 662 2521 retractata,
677 2471 748 2532 ergo
762 2452 884 2531 praefata
897 2451 1027 2510 intentio
1037 2451 1093 2508 vir-

140 2533 227 2591 tualis
241 2530 393 2590 homicidii
405 2542 504 2610 potest
517 2530 576 2590 dici
590 2529 716 2610 intentffi
729 2531 884 2592 occidendi
897 2531 1024 2592 actualis
1035 2551 1093 2590 non

138 2621 299 2671 retractata
308 2613 396 2689 juxta
409 2611 515 2690 ipsum.

182 2689 275 2749 Simili
289 2690 375 2748 modo
390 2689 520 2768 loquitur
535 2689 633 2767 Ampl.
648 2689 687 2748 D.
703 2691 869 2750 Braunman
884 2701 907 2749 t.
933 2691 961 2747 l.
974 2689 1044 2749 diss.
1069 2691 1094 2746 l.

140 2771 178 2830 de
192 2770 298 2828 intent.
311 2789 340 2848 p.
353 2771 398 2826 14.
413 2769 529 2848 quando
543 2768 676 2829 voluntas
684 2769 878 2862 propensione
887 2769 941 2828 sud
954 2769 1051 2829 fertur
1064 2769 1092 2827 in

139 2849 252 2928 aliquid
265 2848 420 2926 agendum,
435 2853 460 2906 ἃ
474 2847 547 2907 illud
560 2847 630 2926 agit,
650 2849 765 2908 etramsi
779 2869 862 2909 mens
876 2869 934 2908 nou
948 2849 1091 2916 attendat,

140 2929 224 2990 recte
239 2927 347 2988 dicitur
359 2928 417 2988 hoc
437 2936 455 2966 “
466 2927 638 2988 actualiter”
652 2929 738 2988 velle.

181 3008 267 3068 VIII.
284 3008 315 3066 Is
336 3006 474 3085 loquendi
497 3008 602 3067 modus
625 3009 814 3068 confirmatur
836 3027 875 3068 ex
898 3009 990 3068 Cone.
1015 3007 1091 3066 Trid,

143 3089 222 3150 Sess.
238 3090 284 3146 14.
300 3105 365 3166 cap.
377 3089 406 3144 3.
420 3087 470 3146 ubi
484 3087 580 3158 docet,
596 3086 676 3166 quod
689 3087 722 3146 in
737 3088 928 3148 Sacramento
943 3087 1091 3146 Poeniten·

141 3170 199 3238 tiae,
214 3166 380 3304 respiratur
395 3173 414 3202 “
423 3169 520 3227 Actus
534 3165 717 3228 contritionis
729 3167 752 3235 ;”
766 3167 850 3246 atqui
864 3180 964 3228 tamen
978 3178 1090 3226 certum

141 3258 197 3317 est.
213 3267 253 3327 qu
274 3247 294 3304 d
307 3244 431 3306 sufficiat
446 3255 463 3282 “
475 3246 620 3306 ContritIo
633 3246 792 3316 virtualis,”
807 3261 877 3324 ergo
890 3247 941 3306 illa
955 3247 1089 3306 contritio

141 3327 273 3387 virtualis
287 3337 387 3404 potest
399 3325 458 3386 dici
474 3333 491 3362 “
501 3326 613 3385 Actus”
628 3325 742 3386 scilicet
757 3325 954 3387 continuatus.
994 3325 1089 3385 Infero

142 3405 161 3466 a
174 3405 254 3486 pari:
278 3425 349 3483 ergo
363 3404 488 3464 intentio
502 3404 658 3464 occidendi
676 3406 798 3484 praefata
810 3405 945 3464 victualis
958 3416 1089 3484 tempore

130 3487 244 3546 'Missas
257 3496 356 3562 potest
370 3484 429 3543 dici
443 3489 460 3520 “
473 3484 585 3543 Actus”
599 3484 714 3544 scilicet
734 3485 883 3544 moraliter
896 3485 1088 3544 continuatus

142 3567 240 3626 Actus
254 3561 332 3622 enim
347 3563 479 3622 internus
493 3563 670 3624 intentionis
684 3563 843 3624 voluntatis
857 3564 1001 3623 inanima
1016 3583 1087 3624 corn-

141 3643 252 3725 patitur
274 3641 344 3700 alios
358 3652 442 3700 actus
457 3641 628 3719 disparatos,
652 3663 749 3722 neque
773 3642 841 3702 ideo
862 3642 970 3702 statim«
987 3655 1087 3710 cessat

142 3717 354 3804 quamdiufinis
368 3739 425 3779 nou
438 3731 484 3779 est
497 3722 644 3792 obtentus,
658 3723 706 3781 vel
720 3722 845 3784 intentio
858 3741 914 3802 per
927 3722 1087 3784 retractati-

142 3822 228 3864 onem
241 3798 399 3860 voluntatis
413 3799 461 3860 vel
474 3798 560 3860 aliter
574 3819 632 3860 non
646 3799 743 3862 desiit

590 3985 699 4046 A
