2254 4072
379 159 421 202 us
442 158 620 203 onnrronr„
920 143 976 201 tul

22 298 136 378 aliquos
161 299 462 363 Doctores‘Sorbonae'
476 321 534 362 non
549 298 712 382 suspectos,
737 302 787 382 qui
797 297 979 386 judicarunt,
1049 319 1064 351 v

23 379 261 452 Beneficiariurn,
285 383 335 462 qui
348 383 485 443 recitavit
498 383 596 442 Horas
611 381 682 442 Can.
697 383 727 440 ln
741 381 849 442 affectu
863 381 981 461 peccati

20 460 162 531 mortalis,
176 462 365 540 obligandum
370 459 412 522 'ad
423 462 644 522 restitutionem
656 463 818 522 fructuum.
969 503 973 512 .

59 539 164 618 Magis
188 541 291 609 severe
315 547 341 600 δι
363 543 459 620 rigide
474 541 553 602 circa
566 542 747 602 auditionem
767 541 870 600 Missae
883 541 914 600 in
928 541 980 618 tali

23 629 103 678 statu
116 619 280 700 loquuntur
294 623 413 681 Author
425 622 493 682 libri
506 630 524 658 “
534 621 651 682 Morale
667 620 874 691 Chretienne‚”
887 622 938 682 lib.
951 623 981 679 3.

22 709 95 757 sect.
118 699 152 758 a.
165 711 221 760 art.
236 721 264 780 q.
279 699 339 760 sin.
352 703 421 760 237.
443 701 482 762 ad
504 704 574 760 248.
589 701 708 772 Pontes,
729 702 819 762 verbo
834 697 981 770 “Missa'’

22 779 290 859 casu45.aliique.
522 826 523 829 η
745 811 747 818 ι

62 856 151 917 XIX.
165 859 257 919 Multi
276 859 396 938 quidem
411 860 576 940 Scriptores
590 861 732 920 videntur
746 860 853 920 docere
867 859 982 942 opposi-

23 950 93 1006 tum,
108 939 165 998 sed
174 939 232 1000 hoc
242 939 280 999 ad
291 959 326 1000 ea
340 951 474 1019 tempora
483 940 670 1000 referendum
682 951 737 1009 est,
753 939 869 1018 quando
879 937 980 1017 opina·

23 1019 131 1076 bantur
156 1018 292 1079 satisfieri
313 1020 470 1112 praeceptis
493 1030 613 1080 actuum
638 1019 903 1112 supernaturalium
928 1037 981 1098 per

25 1107 107 1156 ectus
132 1097 224 1158 etiarn
251 1099 413 1160 intrinsece
438 1099 550 1160 malos:
577 1119 645 1158 narn
672 1119 702 1156 ιιι
729 1097 980 1158 confirmationem

26 1195 122 1253 saepea
141 1177 300 1256 dijungunt
312 1179 369 1238 hoc
384 1179 560 1256 exemplum,
576 1177 657 1258 qudd
670 1197 724 1258 per
738 1178 982 1238 Communionem

25 1255 200 1334 sacrilegam
223 1257 346 1318 satisfiat
368 1269 518 1336 praecepto
540 1257 760 1319 Communionis
784 1277 907 1326 annuae3
932 1256 983 1335 qui

14 1371 15 1378 ι
28 1353 105 1394 error
114 1337 293 1476 jla6m9cesaat
303 1357 357 1416 per
368 1337 586 1398 damnationem
600 1357 682 1417 prop.
692 1339 741 1395 55.
751 1336 917 1396 Innocentii
928 1336 982 1396 XI.

31 1433 104 1473 auno
161 1419 210 1474 7.

64 1493 134 1552 XX.
154 1493 321 1574 Objicitur:
345 1497 421 1556 Haec
436 1495 570 1557 doctrina
593 1515 651 1555 non
666 1507 713 1556 est
727 1495 884 1556 conformis
898 1494 983 1573 praxi
1062 1538 1064 1548 .

33 1573 301 1644 confessariorum
315 1595 395 1670 ergo,
409 1581 463 1636 dre.

66 1651 150 1711 XXI.
166 1653 205 1712 R.
218 1653 267 1714 De
280 1674 365 1732 praru
376 1654 628 1716 confessariorum
642 1653 735 1734 magis
746 1653 849 1714 testari
860 1664 985 1732 possunt

33 1731 256 1794 Examinatores
272 1731 445 1812 Synodales,
458 1755 511 1814 per
522 1755 645 1813 quorum
657 1753 782 1794 examen
793 1733 823 1791 in
834 1733 890 1793 hac
900 1732 985 1792 Dioe-

32 1810 89 1871 cesi
100 1811 283 1872 confessarii
296 1813 413 1874 assidue
424 1825 587 1874 transeunt.
628 1813 675 1872 Illi
685 1825 785 1873 autern
796 1824 985 1878 attestantur,

34 1909 62 1950 se
75 1890 106 1948 in
120 1891 260 1952 examine
274 1903 444 1954 constanter
465 1893 598 1973 recipere
619 1893 677 1953 hoc
690 1911 881 1971 responsum:
906 1891 987 1969 qudd

35 1969 293 2042 consuetudinarii,
315 1977 342 2030 dr
358 1973 543 2058 qui'manent
556 1973 586 2031 in
600 1972 754 2032 occasione
768 1971 903 2049 proxima
915 1990 986 2064 pec·

35 2047 116 2109 randi
129 2049 305 2122 mortaliter,
319 2051 366 2112 vel
379 2051 410 2110 in
430 2051 498 2112 odio
511 2063 563 2114 aut
576 2050 606 2110 in
629 2051 770 2130 neglectu
793 2049 988 2112 restitutronis

33 2147 137 2206 nempe
152 2129 279 2201 mortali,
293 2141 356 2190 toto
370 2129 420 2190 illo
434 2142 567 2210 ternpore
580 2131 741 2224 persistant
754 2130 784 2188 in
798 2129 907 2190 affectu
918 2149 987 2208 pec·

36 2207 89 2267 cati
111 2207 176 2267 sive
198 2208 228 2266 in
242 2209 350 2270 actuali
373 2221 507 2302 peccato,
529 2229 565 2270 ac
579 2210 646 2270 rdeo
660 2210 765 2270 eodem
781 2220 914 2288 ternpore
928 2227 987 2278 non

36 2285 232 2347 satisfecerint
245 2299 402 2368 preceptis
415 2301 534 2350 actuum
549 2289 824 2368 supernaturalium,
840 2288 864 2346 si
878 2287 988 2365 obliga·

37 2365 138 2436 verint,
153 2366 232 2436 fidei,
242 2367 313 2446 spel,
323 2367 485 2438 charitatis,
500 2368 693 2438 contritionis,
707 2367 865 2428 auditionis
876 2366 987 2437 Missa,

38 2449 84 2505 irc.
97 2449 123 2504 ἃ
138 2444 268 2540 insuper,
283 2446 363 2526 qudd
376 2467 427 2508 eos
441 2459 589 2518 moneant,
604 2459 639 2507 ut
652 2448 689 2508 de
704 2447 845 2525 neglectu
866 2445 987 2505 istorum
1064 2463 1067 2472 ¹

37 2536 154 2584 actuum
177 2525 298 2586 eliciant
320 2545 425 2587 novam
450 2527 668 2598 contritionem,
692 2538 782 2606 atque
807 2525 934 2604 desuper
956 2537 988 2584 se

38 2615 184 2674 accusent,
200 2604 374 2683 inquantdm
387 2606 431 2666 rei
445 2619 524 2666 sunt.

73 2683 175 2742 XXII.
197 2683 368 2744 Notandum
382 2686 522 2764 practice,
547 2685 628 2765 qudd
640 2685 726 2745 multi
740 2683 990 2746 consuetudinarii
1007 2687 1011 2696 “

40 2759 143 2841 aliique
158 2763 264 2841 saepius
277 2783 336 2824 non
350 2765 582 2844 apprehendant,
597 2785 629 2826 se
641 2785 829 2844 perseverare
838 2765 868 2822 in
881 2763 990 2824 affectu

41 2841 152 2918 peccati
165 2843 305 2914 mortalis,
319 2844 367 2904 vel
381 2843 462 2922 qudd
475 2865 533 2904 non
548 2845 619 2904 satis
633 2855 811 2923 cognoscant
825 2844 907 2902 illum
921 2862 990 2921 pec·

42 2920 97 2980 cati
123 2921 263 2982 affectum
291 2925 409 2984 obstare
436 2923 602 3003 impletioni
629 2936 844 3003 preceptorum
871 2933 991 2982 actuum

42 3002 313 3078 supernaturalium,
339 3003 408 3082 qula
428 3003 518 3064 etiam
542 3003 679 3063 videntur
702 3002 859 3082 aliquando
881 3002 992 3061 habere

43 3079 180 3140 humanas
205 3081 372 3142 velleitates
400 3102 433 3142 se
460 3082 646 3153 emendandi,
674 3084 728 3142 sub
756 3100 877 3162 quarum
905 3081 993 3159 pallio

44 3158 233 3238 decipiuntur.
273 3161 398 3221 Interim
416 3165 461 3222 'ex
484 3162 532 3222 his
556 3162 652 3223 causis
666 3161 837 3240 ignorantie
850 3161 897 3219 vel
911 3159 994 3219 inad-

45 3239 193 3299 vertentiae
216 3252 338 3319 possent
360 3260 439 3318 saepe
463 3242 599 3301 excusari
614 3241 736 3310 etanta,
757 3239 862 3300 saltem
876 3239 993 3320 quando

46 3328 139 3378 actum
153 3330 310 3379 externum
321 3320 525 3399 praestiterunt
534 3339 603 3381 cum
613 3321 741 3380 humana
751 3319 878 3398 quadam
892 3319 994 3378 volun·

46 3407 112 3467 tate,
127 3417 214 3478 quam
228 3401 374 3477 putabant
388 3400 591 3470 sufficientem,
615 3399 653 3459 ad
668 3399 907 3460 satIsfacIendum
921 3417 996 3477 prae·

48 3495 78 3535 ce
99 3476 136 3537 tis
150 3497 177 3535 v.
190 3499 221 3556 g.
228 3479 428 3539 iuterfuerunt
436 3480 543 3550 missae,
557 3479 719 3540 recitarunt
728 3479 866 3539 formulas
875 3490 996 3540 actuum

49 3553 65 3612 fi
85 3556 121 3626 ei,
136 3557 209 3636 spel,
225 3558 387 3628 charitatis,
401 3563 453 3619 dre.

84 3635 133 3694 Ad
141 3637 247 3775 piures
261 3638 332 3699 alias
346 3638 527 3716 objectiones
542 3639 681 3718 respondi
693 3638 723 3698 in
734 3638 833 3700 Tract.
847 3638 885 3698 de
901 3635 998 3712 Relig.

52 3732 126 3774 num.
181 3757 189 3774 .
218 3749 221 3754 ·
245 3751 249 3762 ·
678 3733 679 3737 ¹
