2246 4096
164 147 220 207 180
499 166 540 208 na
561 164 770 210 runnuunro.

163 423 202 484 u.
233 399 298 485 14⁸9.
339 425 397 484 nn
429 423 720 486 oanronnoun
740 423 992 488 JURAMENTI
1013 427 1109 489 con.

537 504 772 567 mnounn.

162 683 185 741 1.
206 681 323 742 duram.
336 683 710 766 conditionotumqoomodo
728 683 859 744 mocobl.
899 683 941 742 11.
966 685 1111 766 Quomodo

219 763 323 822 condit.
346 763 472 842 impletd,
511 763 567 822 111,
592 763 706 824 Corsdit.
728 763 874 842 implicito
894 763 1020 840 μυωταὶ.
1064 764 1110 822 IV.

219 841 297 901 Alio
310 843 413 902 condit
427 841 556 922 impluit
595 843 632 902 V.
654 843 864 904 Controversia.
904 843 955 904 VI·
980 843 1111 922 Otjecto.

219 919 287 980 vll.
302 921 389 1000 Hesp.
403 921 519 982 Primo,
559 921 643 982 VIII.
657 923 746 1002 Resp.
760 923 893 984 secunda.
926 923 979 982 IX.
998 921 1111 984 Condit

218 1003 258 1058 im
291 1002 364 1060 totto
385 999 502 1061 Jurom.
527 1003 744 1062 comminatorii.
794 1001 832 1061 X.
859 1001 976 1062 Jurom.
996 1014 1111 1082 por-ert.

264 1121 272 1138 .
293 1079 441 1142 Resoltdio
454 1079 549 1143 lensii
561 1081 698 1159 officitur.

198 1257 416 1324 QUOMODO
431 1257 543 1337 obligat
551 1261 753 1338 juramentum
767 1259 1026 1322 conditionatum?

198 1335 225 1396 I.
240 1337 278 1396 R.
290 1337 311 1397 J
312 1349 498 1400 uramentum
508 1338 727 1416 promissorium
741 1341 796 1403 sub
809 1339 978 1400 conditione
991 1357 1115 1418 suspen-

156 1417 222 1478 siva
235 1435 303 1478 cum
317 1417 462 1495 particula
474 1419 501 1478 si
513 1429 567 1478 aut
578 1417 782 1497 aequivalente,
798 1419 878 1498 quod
891 1419 983 1479 solum
992 1418 1114 1498 proprii

158 1507 281 1556 vocetur
299 1497 501 1575 juramentum
522 1497 763 1568 conditionatum,
785 1518 845 1560 non
854 1497 966 1577 obligat
987 1499 1028 1558 ad
1042 1517 1115 1558 mox

157 1575 341 1655 implendum
350 1577 560 1655 juramentum,
574 1577 629 1638 sed
637 1587 738 1638 tamen
746 1577 857 1656 obligat
869 1597 939 1638 mox
948 1577 986 1637 ad
999 1579 1115 1638 haben·

157 1655 226 1715 dam
241 1653 435 1716 intentionem
450 1655 600 1734 implendi,
615 1657 686 1716 dum
700 1657 830 1718 conditio
843 1657 1071 1736 adimplebitur.

198 1735 239 1792 11.
250 1733 387 1796 Secundo
388 1735 678 1815 juramentumillud,
687 1736 847 1818 adimpleti
855 1735 1034 1808 conditione,
1044 1755 1118 1798 mox

131 1881 135 1890 ⁴
158 1813 264 1892 incipit
278 1813 407 1893 obligare
417 1815 561 1876 absoluti.

198 1893 352 1959 Quomodo
361 1893 507 1954 malitiosa
516 1893 669 1974 impeditio
679 1896 822 1974 ponendae
832 1893 1010 1978 conditionis
1020 1895 1117 1957 licite

144 2043 147 2048 μ
149 1972 314 2052 juramenti
348 1973 401 2034 ure
415 1973 608 2036 conditionati
621 1994 680 2036 non
694 1975 817 2055 poenalis
834 1995 893 2036 non
907 1975 990 2038 tollat
1004 1976 1120 2054 obliga·

160 2049 281 2122 tionem,
296 1993 401 2132 coIlige
417 2072 455 2114 ex
467 2051 557 2114 dictis
572 2055 609 2114 de
622 2065 692 2117 voto
706 2075 785 2116 num.
801 2056 867 2114 101.

195 2131 252 2190 111.
264 2131 404 2202 Observa,
420 2131 501 2225 quod
515 2153 601 2194 omne
611 2137 812 2212 jmamentum
826 2133 955 2194 involvat
967 2133 1120 2212 quasdam

155 2209 340 2272 conditiones
353 2209 510 2290 imphcitas
524 2233 564 2272 ex
576 2213 747 2276 conditione
760 2213 890 2274 materiae
913 2214 1064 2292 subjectae
1085 2234 1121 2272 ex

150 2293 230 2368 jure,
253 2289 302 2352 vel
315 2309 354 2352 ex
375 2291 598 2362 consuetudine,
621 2292 758 2372 aquibus
781 2293 871 2354 etiam
894 2293 1036 2371 obligatio
1069 2293 1121 2353 de

155 2370 276 2448 pendet,
291 2389 319 2427 v.
332 2389 362 2447 g.
376 2369 400 2428 si
414 2381 527 2450 potero,
539 2371 568 2430 si
576 2383 680 2450 potero
693 2373 828 2443 honeste,
840 2372 864 2430 si
872 2371 949 2432 alter
961 2383 1122 2452 acceptet,

127 2473 130 2484 ·
155 2448 250 2508 sinon
264 2449 406 2518 remittat,
422 2449 584 2512 simateria
597 2471 655 2511 non
669 2463 809 2522 mutetur,
824 2451 904 2512 salvo
912 2453 980 2530 jure
992 2451 1122 2530 Superi·

155 2529 223 2599 oris,
238 2533 290 2589 &c
301 2529 355 2588 sed
364 2530 400 2588 ab
411 2527 446 2588 iis
456 2532 658 2609 juramentum
668 2550 726 2588 non
736 2541 859 2592 vocatur
868 2529 1122 2601 conditionatum,

156 2607 226 2668 culm
240 2627 293 2687 per
308 2627 340 2668 se
353 2607 611 2688 subintelligantur
624 2610 655 2670 in
669 2609 749 2670 omni
758 2612 937 2688 juramento.
958 2609 1027 2668 Bill.
1043 2613 1122 2670 361.

63 2681 68 2692 '
195 2687 467 2749 lv.similitera1iae
476 2699 546 2748 sunt
556 2688 705 2766 implicitae
714 2689 898 2750 conditiones
908 2687 1122 2768 particulares

156 2787 231 2844 qum,
256 2767 328 2828 licet
345 2785 403 2828 non
418 2766 628 2846 exprimantur,
653 2767 925 2846 subintelliguntur,
946 2769 1122 2832 secundun

155 2847 318 2924 subjectam
332 2847 485 2910 materiam
499 2851 525 2906 a
538 2845 792 2910 circumstantias:
817 2848 860 2908 ita
872 2847 1020 2908 ordinarie
1029 2851 1122 2926 jura·

156 2936 289 2986 mentum
311 2924 565 3004 interpretandum
579 2938 626 2988 est
642 2930 734 3008 juxta
747 2927 930 2990 conditiones
943 2928 1042 2997 actus,
1076 2929 1122 2988 cu?

117 3079 119 3084 ,
156 3003 352 3084 conjungitur,
367 3004 423 3068 nisi
436 3005 517 3064 aliud
531 3007 681 3084 probetur,

194 3084 275 3146 Hinc
298 3083 445 3164 sponsalia
463 3086 564 3162 jurata
577 3085 717 3146 desinunt
740 3085 880 3164 obligare,
904 3085 935 3144 in
950 3083 1122 3146 casibusir

155 3163 261 3242 quibus
272 3163 419 3244 sponsalia
429 3163 573 3242 simplicia
584 3164 731 3226 ordinarie
742 3165 881 3226 desinunt
891 3163 1030 3244 obligare,
1050 3185 1122 3244 v.g

156 3245 194 3304 ob
207 3241 431 3304 fornicationem
445 3243 566 3304 alterius
581 3243 682 3336 partis,
697 3249 751 3306 nc.
995 3307 998 3314 ,

193 3321 392 3382 Beneficiatus
411 3325 515 3402 jurans
538 3323 737 3394 recedentium,
759 3334 858 3404 potest
880 3323 984 3386 abesse
1005 3321 1040 3383 in
1070 3343 1122 3385 ca·

154 3397 236 3460 sibus
252 3401 270 3459 i
279 3404 347 3480 jure
363 3401 521 3462 concessis.

194 3479 230 3538 V.
254 3479 465 3541 Verumtamen
489 3481 725 3552 controvertitur,
748 3481 848 3542 utnim
869 3481 903 3552 is,
929 3480 979 3574 qui
999 3482 1122 3560 juravi¹

153 3558 221 3620 filiae
234 3559 460 3629 matrimonium,
476 3561 500 3620 si
514 3572 619 3640 postca
632 3561 704 3621 velit
718 3561 833 3640 ingredi
847 3560 1051 3639 Religsonem,
1071 3563 1122 3621 ob

154 3638 264 3716 ligetur
277 3639 306 3697 vi
316 3640 477 3717 juramenti
490 3639 570 3720 prius
581 3641 755 3710 contrahere
768 3639 997 3709 matrimonium,
1013 3639 1041 3698 si
1060 3641 1122 3700 filit

154 3717 229 3778 nolit
243 3718 415 3778 consentire
429 3730 481 3780 aut
494 3719 672 3779 renuntiare.

192 3796 319 3865 Quidam
333 3797 363 3858 id
376 3797 499 3878 docent,
517 3798 555 3858 ed
569 3798 719 3879 quidiste
733 3799 826 3881 possit
838 3798 922 3860 licite
936 3801 962 3857 81
974 3797 1122 3858 honesti
