2232 4092
166 245 227 307 1¹1ss6
504 219 547 302 na
566 257 777 304 tonsurato.

207 403 262 464 rv.
285 402 455 464 nonaum
469 400 556 472 enim,
578 400 658 481 quor
671 400 827 482 tripliciter
839 400 1026 482 amnena
1036 379 1109 468 comt]

164 483 302 546 mittatur
315 481 346 542 in
359 483 475 542 Deum:
490 479 586 559 primd
599 481 787 542 attribuendo
811 481 922 560 aliquid
934 481 1012 553 Deo,
1038 473 1109 562 quod

164 564 238 626 Deo
245 559 516 630 nonconvenit;vel
525 561 660 640 negando
670 561 780 640 aliquid
790 561 911 631 deDeo,
921 561 1002 641 quod
1011 561 1042 622 ei
1049 577 1109 638 corn

168 643 270 713 veuit;
293 639 423 704 secundd
443 639 631 703 attribuendo
652 639 763 720 aliquid
784 652 936 712 creaturos,
959 642 1042 719 qnod
1065 661 1096 702 so

165 721 238 784 Deo
248 720 405 788 convenits
417 725 443 780 dr
453 718 543 782 tertid
553 719 685 798 quamvis
693 719 871 780 attribuatur
880 719 961 790 Deo,·
971 721 1054 799 quod
1062 722 1091 799 ip

74 830 75 834 ¹
165 801 315 871 convenit,
325 799 372 860 vel
383 810 517 878 negetur,
532 798 611 878 quod
621 799 650 860 ei
662 818 721 876 non
734 799 882 869 convenit,
895 799 921 860 si
934 811 1036 860 minen
1050 821 1103 861 con

170 879 279 942 vicioso
288 881 335 944 vel
345 878 556 942 contumelioso
565 879 651 938 modo
660 877 692 938 id
699 879 758 949 fiat
772 890 905 958 patratur
917 879 1109 966 blasphemia]

171 960 241 1039 quia
253 961 357 1022 modus
371 969 418 1020 est
429 958 627 1036 blasphemus.
789 1013 792 1017 .
1108 981 1109 984 ¹

210 1046 229 1076 “
239 1039 328 1102 Sacra
341 1037 446 1108 Dien,”
468 1057 521 1116 per
533 1037 723 1116 antiphrasim
736 1038 826 1098 habet
838 1039 919 1100 hunc
933 1057 1055 1099 sensum
1069 1041 1109 1100 obs

170 1118 259 1190 vium,
274 1128 359 1180 “non
373 1117 412 1177 sit
426 1127 545 1178 sanctus
558 1115 666 1178 Dens.”
696 1137 704 1146 ·
1108 1163 1109 1174 ,

208 1199 245 1259 V.
265 1199 346 1266 Quid
362 1195 544 1276 jidicandum
568 1197 605 1258 de
622 1195 784 1276 prolatione
794 1197 892 1266 uoci,
913 1205 932 1234 “
947 1197 1109 1259 Sacramem

170 1277 260 1349 tum‚”
276 1277 340 1338 sine
353 1273 477 1337 addito?
1108 1313 1109 1324 r

209 1357 247 1416 R.
269 1354 495 1418 Siincommuni
506 1355 872 1424 sermone„maximbeiex
883 1345 927 1416 ira
942 1356 1109 1442 prol'erutup¹

170 1436 273 1497 modus
287 1434 370 1498 certd
384 1445 431 1495 est
447 1433 588 1496 indecens
608 1445 710 1494 contra
728 1435 923 1494 reverentiam
945 1435 1103 1496 Sacrameu

170 1527 276 1586 turum,
289 1512 458 1594 adeoqneai
471 1531 529 1574 non
542 1514 693 1576 contineat
701 1513 920 1592 blsaphemiam,
934 1516 1020 1574 certe
1030 1443 1109 1594 juxti

170 1595 303 1677 Layman
316 1600 342 1654 ἃ
355 1613 456 1658 omnes
470 1593 603 1654 continet
615 1592 757 1661 malitiam
769 1593 915 1672 sacrilegii
930 1598 956 1651 br
975 1595 1109 1682 scandali}

167 1673 614 1755 acpericuli,eapemortslem.
1108 1687 1109 1692 ’

180 1765 228 1896 ,ἧι
242 1755 325 1848 (lodt
340 1754 521 1822 Sacrament,
543 1752 627 1814 Gods
647 1750 765 1821 blood?
785 1751 851 1831 plns
865 1752 977 1812 babent
991 1751 1032 1813 de
1046 1753 1105 1813 blas

213 1853 296 1898 emta·

143 1961 145 1966 -
171 1853 263 1976 plll.
284 1912 315 1972 Si
341 1922 441 1972 antem
469 1909 610 1972 Germani
636 1909 792 1990 adjiciant:
817 1918 834 1948 “
848 1911 989 1970 Tauaend
1018 1911 1106 1972 Sacra

172 2005 262 2062 ment,
278 1991 416 2052 Hondert
429 1990 555 2052 teusend
576 1989 762 2052 Sanamem
783 2001 863 2062 certa
876 2001 923 2049 est
934 1990 1100 2068 blaephem'

171 2073 209 2134 ob
222 2069 379 2132 falsitatem
392 2069 621 2148 &vilipendium
635 2069 750 2128 numeri
765 2068 1019 2129 sacramentorum
1030 2093 1040 2139 ;
1054 2089 1088 2130 co

170 2149 365 2213 sentientibus
379 2149 486 2221 Gobat,
500 2149 640 2229 Laymam
657 2148 750 2218 Tann,
765 2152 817 2210 &c-
901 2195 905 2202 .
1108 2165 1109 2228 l

211 2229 276 2290 vll.
298 2229 355 2288 Hae
369 2229 593 2306 enuntiationes,
617 2235 635 2264 ‘⁴
650 2227 882 2288 Sacramenshen
902 2227 993 2298 hond,
1016 2227 1109 2304 Sacral

171 2309 329 2370 nrerschen
344 2307 481 2378 achelm,''
502 2313 553 2368 &a
574 2306 740 2386 significant
756 2305 965 2384 blasphemiam
988 2306 1057 2369 sine
1075 2305 1109 2385 jul

169 2398 312 2450 ramento.
1108 2391 1109 2456 l

143 2517 147 2522 .
210 2468 277 2546 obj.
300 2465 443 2528 Homines
467 2465 598 2545 plerique
621 2465 759 2543 praefatas
780 2465 918 2524 fonnulaa
944 2459 1109 2544 eloquente

169 2566 229 2610 non
242 2547 352 2616 volunt,
366 2565 421 2606 nec
431 2545 588 2606 intendunt
591 2547 692 2624 jurare
701 2545 749 2606 vel
761 2545 978 2623 blasphemam
992 2565 1067 2624 ergo
1080 2469 1109 2676 mi

172 2637 359 2690 excusantur.

211 2706 294 2766 Vlll.
314 2703 352 2764 R.
373 2703 506 2782 Negatur
526 2714 587 2764 ant.
604 2702 715 2764 Saltem
728 2702 799 2762 dum
812 2723 855 2762 eae
869 2702 1060 2781 proferuntur
1074 2689 1109 2770 cci

169 2803 233 2846 ram
257 2784 320 2845 aliia
333 2783 515 2844 hominibus:
539 2781 608 2861 quis
627 2783 672 2842 via
694 2781 914 2860 significationis
931 2781 1010 2842 ineat
1022 2782 1104 2842 verbi

156 2883 230 2927 non
243 2866 331 2942 juxta
344 2862 524 2926 voluntatem
538 2858 644 2940 privati
661 2861 794 2932 hominia,
817 2861 871 2920 aed
888 2863 976 2938 juxta
989 2880 1106 2921 commu

159 2963 238 3006 nem
248 2942 441 3010 intellectum,
455 2941 716 3020 apprehensionem
729 2945 755 2998 δι
768 2959 852 3002 naum
867 2940 986 3018 patrie:
997 2944 1061 3019 jam
1072 2960 1107 3001 au

171 3036 232 3086 tem
246 3023 302 3084 hoe
315 3020 402 3082 modo
412 3019 541 3098 praefatae
551 3019 682 3080 formulae
691 3021 802 3080 habent
816 3039 935 3080 sensum
943 3019 1109 3108 juratoriam

170 3113 222 3178 ant
234 3101 448 3180 blasphemum.
488 3099 606 3160 Deinde
620 3098 651 3158 id
664 3119 722 3160 non
737 3099 813 3158 tollit
827 3098 1007 3160 scandalum.
1108 3133 1109 3158 r

210 3181 263 3241 IX.
285 3181 391 3258 Neqpe
406 3179 497 3240 etiam
510 3189 690 3240 excusantur
701 3177 916 3256 ableaphemia
931 3179 1109 3256 quantumst

170 3261 205 3321 iis
229 3270 349 3324 utentur
372 3258 488 3320 tantilm
499 3257 539 3318 ad
557 3261 658 3336 Jocum
675 3258 723 3318 vel
736 3257 835 3326 risum,
857 3257 926 3334 quia
939 3256 1025 3319 nimis
1040 3259 1109 3320 alon

169 3346 196 3402 ἃ
210 3349 328 3400 sanctus
342 3349 389 3398 est
402 3337 494 3410 Deus,
509 3337 597 3416 quim
611 3348 645 3396 ut
654 3337 763 3398 nostris
771 3337 881 3418 jocis&
895 3335 1001 3397 risibus
1014 3325 1109 3426 subjici

171 3417 272 3499 possit.
1108 3455 1109 3458 η

209 3497 242 3560 si
257 3495 321 3587 quia
336 3515 416 3556 mere
433 3495 580 3557 narrativd
598 3496 663 3556 illas
681 3495 818 3556 formulas
838 3494 955 3564 referat,
977 3513 1037 3556 non
1053 3507 1109 3576 pecl

169 3587 237 3644 cat;
257 3585 334 3634 arcut
359 3574 511 3654 Scriptura
531 3575 639 3636 refert:
661 3575 709 3636 Pa.
735 3577 781 3634 17.
801 3573 910 3634 “dixit
930 3572 1071 3652 insipiens
1092 3573 1109 3642 it

87 3705 90 3712 .
169 3654 259 3719 corde
273 3671 335 3722 suo,
349 3672 408 3712 non
422 3665 468 3714 est
481 3653 574 3714 Deus.
676 3687 679 3694 »
1108 3681 1109 3716 l

209 3734 246 3800 Q„
266 3731 312 3792 La
326 3730 416 3792 Croix
433 3732 483 3792 lib.
503 3735 531 3792 8.
552 3753 581 3810 p.
601 3735 627 3790 1.
645 3753 673 3792 n.
693 3735 761 3792 255.
781 3733 870 3794 docet
883 3731 963 3812 qudd
976 3725 1109 3800 inducent

168 3814 292 3882 ebrium,
307 3810 439 3879 stultum,
453 3811 501 3870 vel
513 3829 638 3890 puerum
651 3813 690 3876 ad
701 3813 972 3891 blasphemandum,
993 3810 1032 3870 sit
1052 3825 1109 3872 rent

167 3889 373 3970 blasphemiae:
398 3888 457 3948 imd
471 3894 497 3950 dt
511 3889 563 3968 qui
574 3890 733 3968 psittacum
747 3893 836 3956 docet
847 3889 1052 3971 blasphemias.
