2244 4082
275 568 725 732 Tannonius

103 869 175 946 DE
200 803 446 948 VIRTUTE
473 867 900 946 TEMPERANTIAE.

425 1263 474 1338 N.
492 1269 578 1338 aea.

324 1441 358 1502 s.
378 1441 477 1502 mom.
490 1443 558 1500 aa.
571 1437 600 1520 q.
616 1443 681 1500 141.

36 1605 55 1660 1.
85 1601 236 1680 Dfiaitio.
290 1601 331 1663 ΙΙ.
369 1601 396 1662 0
420 1601 515 1660 'eatam
541 1571 688 1660 manati
720 1579 866 1662 uerutum.
920 1555 978 1663 ΙΙΙ.Ι

83 1681 265 1741 Prouimum.
306 1681 359 1740 IV.
410 1681 526 1740 ormola
566 1679 603 1738 V.
632 1678 718 1740 Vitio.
758 1675 812 1740 VI.
832 1682 982 1762 Proposit.

83 1763 234 1822 domnam.
276 1761 343 1819 Vll.
362 1759 608 1842 Fundamerdttm
648 1760 732 1840 ¹lllll.
759 1761 823 1839 Olj.
839 1762 878 1820 R.

67 1921 88 1978 Ι.
110 1917 434 2000 TEMPERANTIA,
457 1939 522 2000 quae
536 1930 583 1979 est
595 1919 690 1980 virtus
714 1919 860 1998 specialis,
876 1933 981 2001 quarta

36 2001 101 2058 inter
114 1999 287 2068 cardinales,
303 1997 496 2060 describitur:
512 1997 642 2060 “Virtus
656 2000 812 2060 moderans
827 1999 981 2061 delectati-

35 2099 95 2138 ones
105 2099 252 2159 usumque
265 2079 371 2158 guotlrs
386 2083 411 2136 dr
425 2079 532 2138 tactus.

65 2159 102 2218 ll.
125 2159 286 2238 ObJ‘ectum
299 2158 451 2218 materiale
465 2158 526 2219 slve
549 2159 674 2220 materia
686 2170 800 2218 remota
813 2172 882 2219 sunt
896 2181 980 2222 escu-

35 2238 111 2308 lenta,
124 2237 285 2318 poculenta
298 2241 324 2298 dc
337 2259 473 2304 venerea.

67 2317 118 2376 ΙΙΙ.
132 2317 264 2378 Materia
277 2318 411 2412 proxima
425 2328 494 2377 sunt
507 2317 720 2378 delectationes
734 2315 792 2377 cibi
806 2321 930 2398 &potios
940 2321 979 2382 ad

36 2398 276 2459 conservationem
284 2397 428 2458 individui
442 2397 598 2466 sivevitae;
612 2397 684 2456 item
699 2397 912 2458 delectationes
924 2419 977 2458 seu

35 2477 262 2556 concupiscentia
275 2497 478 2547 venereorum,
487 2477 525 2536 ad
539 2477 790 2540 conservationem
801 2477 911 2556 speciei
925 2477 979 2540 liu·

35 2576 123 2628 nana,
147 2578 213 2636 quae
228 2553 440 2622 delectationes
460 2567 529 2616 sunt
541 2555 807 2616 vehementissima
826 2557 976 2634 praeliis,

35 2637 127 2697 &ideo
141 2637 296 2716 requirunt
309 2635 466 2715 specialem
481 2636 621 2695 virtutem
635 2635 674 2695 ad
687 2633 885 2696 moderamen.

65 2715 111 2773 IV.
134 2717 295 2796 Objectum
308 2716 430 2776 formale
444 2727 491 2776 est
511 2715 587 2776 ratio
608 2715 816 2776 moderationis
841 2717 978 2776 conveni·

35 2795 100 2854 entis
113 2808 225 2856 naturae
239 2795 373 2856 rationali
387 2795 531 2855 humana.

66 2874 98 2931 V.
112 2875 193 2936 Vitia
205 2875 369 2954 generatim
384 2875 519 2954 opposita
527 2871 730 2952 temperantiae
744 2885 813 2935 sunt
827 2883 845 2911 “
855 2873 977 2936 insensi-

34 2952 135 3091 lgiliff
164 2975 216 3034 per
250 2955 409 3024 defectum,
438 2951 706 3034 “intemperantia”
733 2973 787 3033 per
814 2974 977 3016 excessum.

66 3111 113 3170 Vl.
129 3054 326 3174 donectenda
338 3113 390 3173 hic
404 3124 451 3173 est
464 3111 670 3173 condemnatio
684 3111 807 3172 darum
820 3115 977 3192 propositi-

36 3211 112 3250 onum
126 3194 315 3273 sequentium
329 3195 366 3252 ab
380 3193 483 3252 Innoc.
498 3193 551 3252 XI.

68 3281 83 3305 ‘⁶
92 3273 253 3332 Comedere
268 3277 292 3331 oz
306 3273 409 3333 bibere
424 3293 518 3352 usque
532 3271 571 3332 ad
584 3272 752 3332 satietatem
767 3273 804 3331 ob
819 3273 909 3331 solam
926 3295 975 3332 vo-

37 3351 177 3427 luptatem,
203 3372 260 3412 non
275 3363 322 3412 est
335 3364 502 3432 peccatum,
524 3350 612 3410 modd
635 3371 694 3410 non
708 3351 785 3412 obsit
804 3351 977 3412 valetudini.

38 3431 102 3566 {uia
115 3432 196 3492 licite
211 3445 311 3510 potest
331 3432 482 3512 appetitus
503 3429 645 3490 naturalis
669 3431 729 3490 suis
757 3431 871 3492 actibus
895 3433 978 3492 frui'?

49 3523 82 3568 *st
93 3513 119 3570 8.

68 3591 179 3669 “Opus
199 3591 328 3670 conjugii
348 3593 385 3651 ob
405 3591 495 3651 solam
514 3591 695 3667 voluptatem
715 3589 881 3650 exercitum
901 3594 980 3652 omni

37 3677 48 3701 “
61 3669 170 3745 penitus
185 3671 273 3750 culpa
286 3682 368 3730 caret
381 3690 416 3730 ac
431 3671 552 3730 defectu
566 3669 698 3729 veniali.”

69 3749 129 3808 VII.
144 3749 232 3810 Ratio
250 3749 478 3810 fundamentalis
500 3750 586 3830 hujus
605 3751 693 3828 justae
712 3749 905 3808 damnationis
925 3763 979 3818 est,

36 3827 102 3906 qodd
114 3830 254 3890 naturalis
269 3829 340 3890 ordo
354 3829 525 3900 invertatur,
547 3829 663 3908 quando
682 3850 754 3908 opus
775 3829 924 3888 ordinatur
942 3831 978 3888 ad
