2256 4090
418 174 460 226 na
481 181 577 228 voro.
936 171 974 228 99

36 325 109 407 juste
119 323 236 384 incusso
249 320 296 382 ad'
310 331 396 386 extor
417 323 547 386 uendum
560 323 622 386 voti
635 344 821 398 consensum,
843 323 976 400 nonsint

40 406 110 465 irrita
118 407 185 484 jure
200 403 327 483 positivo
341 344 574 466 Ecclesiastico?

70 483 147 544 vm.
157 484 197 542 R.
209 483 322 543 Votum
333 481 473 554 solemne,
483 485 532 544 vel
541 484 685 564 professio
698 483 835 566 religiosa
843 485 975 548 irritetur

35 569 90 643 jure
99 562 328 624 Ecclesiastico:
342 565 482 641 probetur
491 584 531 622 ex
544 585 608 644 cap.
622 571 640 602 “
649 565 796 644 perlatum
805 565 842 626 de
856 567 902 626 his
931 587 977 628 uae

38 643 80 701 vi.”
116 641 202 702 Idem
217 643 356 722 supponit
370 641 461 704 Cone.
483 643 564 702 Trio,
578 663 650 704 sess.
663 647 711 704 25.
725 645 762 704 de
777 588 976 725 Regulariiius

37 741 89 801 cap.
111 721 158 779 19.
179 721 281 800 ibique
305 721 453 792 statuitur,
477 733 512 782 ut
526 724 664 804 exceptio
677 726 777 783 metris
798 726 975 786 nonadmit·

14 855 15 858 ,
36 813 111 871 tatur,
125 800 183 860 nisi
197 801 275 862 intra
289 799 522 880 quinquennium
536 802 554 862 d
567 803 616 862 die
630 802 827 882 professionis.

14 883 15 896 ¹
66 881 135 1018 Noq
143 880 294 940 invenitur
302 881 362 946 ulla
374 881 425 942 lex
438 880 556 942 irritans
564 883 679 962 reliqua
690 893 760 944 vota
770 881 922 962 simplicia,
937 903 975 945 ex

36 969 104 1020 metu
129 969 208 1022 acta.

36 1157 64 1217 a.
80 1159 126 1217 so.
147 1158 209 1218 nn
228 1158 342 1219 voso
362 1157 457 1220 cum
476 1157 656 1228 nasone,
676 1157 792 1220 noto
813 1158 895 1219 vna
914 1159 973 1220 ro·
1047 1145 1049 1152 ’

300 1237 535 1298 nonensis
552 1237 698 1299 saeuo.

35 1397 53 1454 1.
68 1392 226 1474 &morde
238 1398 319 1456 eirea
332 1396 523 1458 mmmmm
544 1398 645 1457 irritat
663 1397 773 1458 Votum.
812 1397 853 1456 lt
873 1395 976 1457 Etiam

79 1494 162 1535 error
202 1475 250 1536 vel
286 1478 453 1554 morando
487 1479 678 1536 munandans
709 1475 892 1548 invincibilis,
925 1477 977 1554 850.

80 1555 136 1614 ΠΙ.
170 1553 273 1616 Error
303 1555 488 1616 amidanae
518 1575 578 1616 nort
606 1557 732 1634 impedit·
749 1556 875 1616 eolorare
904 1556 977 1616 Voti.

80 1633 132 1694 IV.
152 1635 228 1696 Nm·
250 1634 292 1694 o‘d
314 1654 378 1694 eam
398 1653 550 1697 commane
570 1639 771 1712 restringerem.
821 1635 858 1694 V.
876 1633 977 1696 Error

79 1715 159 1773 eirea
180 1734 300 1774 nomm
311 1713 439 1794 finales
462 1717 469 1734 ‘
486 1716 576 1856 ff)
599 1715 709 1776 Votum
749 1713 801 1773 VI.
820 1712 974 1794 Exempla,

79 1793 477 1872 vianeeaqdamse
547 1796 916 1856 tammonem

62 1971 218 2034 UTRUM
232 1993 321 2045 error,
346 1972 469 2034 dolus&
491 1973 658 2052 ignorantia
670 1985 771 2034 votnm
794 1971 922 2034 reddant
934 1973 972 2033 ir-

31 2050 131 2114 ritum?

60 2131 133 2191 1:11.
147 2109 390 2211 Distinguendo:¹
404 2131 525 2193 sierror
537 2131 585 2194 vel
599 2131 682 2195 dolus
697 2151 750 2192 seu
760 2131 907 2271 deceptio,
921 2144 974 2193 aut

30 2209 190 2288 ignorantia
199 2212 239 2272 sit
252 2213 332 2274 circa
341 2212 535 2274 substantiam
544 2211 613 2284 voti,
627 2213 675 2272 vel
686 2212 830 2273 circaeon
854 2211 973 2272 'tionem

30 2291 256 2364 substantialem,
284 2293 346 2352 sive
357 2293 440 2358 ⁴circa
452 2291 591 2352 accidens
608 2290 776 2352 redundans
784 2289 828 2372 :in
842 2293 976 2356 substan-
1060 2335 1063 2340 -

30 2369 97 2439 tiam,
123 2382 182 2433 aut
195 2371 275 2431 circa
288 2391 406 2432 causam
418 2371 536 2433 finalem
549 2371 620 2442 voti,
643 2371 768 2454 impedit
781 2371 905 2432 eatends
924 2390 975 2431 ra·

29 2447 109 2509 larem
122 2449 200 2522 voti,
211 2451 281 2530 quia
292 2471 346 2531 per
359 2451 424 2512 illas
434 2468 538 2512 causas
551 2451 664 2513 tollitur
674 2467 834 2512 consensus
845 2451 976 2512 directus

30 2547 41 2584 r
73 2529 193 2589 uisitus.
883 2551 885 2555 ·

41 2547 90 2667 eii
100 2608 228 2669 interim
241 2629 330 2681 error,
344 2609 482 2690 deceptio
494 2609 543 2670 vel
557 2607 722 2690 ignorantia
735 2605 829 2670 soldm
843 2607 882 2669 sit
895 2607 977 2670 circa

31 2697 137 2764 partem
145 2689 545 2770 materiaequasidirisdsilis,
555 2687 976 2770 possetvalerevotnmquoad

29 2766 143 2827 alteram
153 2769 289 2830 materia
369 2787 417 2829 em
427 2771 516 2850 juxta
529 2789 573 2842 ea,
588 2789 653 2849 quae
667 2768 803 2830 dicentur
826 2787 906 2828 num.
926 2769 976 2828 85.

58 2845 95 2906 Π.
116 2839 211 2918 Note,
236 2781 445 2928 qudffitm
467 2845 629 2920 sitvotum,
651 2849 713 2908 sive
730 2848 871 2928 praesatus
885 2865 975 2917 error,

29 2924 161 3006 deceptio
171 2938 225 2992 aut
238 2927 410 3022 ignorantia,
425 2925 465 2987 sit
477 2927 668 3000 antecedens,
682 2927 744 2988 sive
758 2926 976 2991 concomitans:

28 3003 82 3065 sire
94 3006 137 3066 sit
150 3005 300 3069 vincibilis
314 3007 376 3068 sive
390 3005 584 3077 invincibilis;
605 3007 666 3068 sive
680 3005 832 3086 cidpabilis
857 3005 919 3064 sive
932 3005 975 3064 in·

28 3083 67 3144 ml
102 3085 195 3149 bilis:
212 3087 281 3166 qnia
294 3105 411 3167 semper
428 3085 514 3148 deest
527 3106 687 3148 consensus
701 3087 841 3146 directus.
955 3165 957 3170 X

14 3195 15 3210 κ
87 3167 320 3227 bservattamen
335 3167 452 3236 Sumen,
467 3185 535 3246 cum
545 3185 644 3237 errore
657 3165 705 3228 vel
715 3161 881 3244 ignorantia
888 3161 976 3226 affec·

28 3255 81 3304 tata
94 3245 276 3327 quandoque
285 3257 387 3306 votum
400 3245 569 3317 subsistere,
583 3243 654 3306 dum
666 3243 785 3325 aliquod
865 3243 974 3304 iculare

14 3322 189 3400 ‘ignoratum
211 3325 242 3392 in
266 3325 423 3387 universali
445 3337 587 3386 vovetura
610 3325 769 3405 quomodo
820 3321 902 3383 oritii
924 3341 977 3384 no·

29 3401 115 3465 lentes
129 3404 283 3492 inquirere
297 3405 431 3489 quadam
447 3403 636 3486 pmtictdaria
658 3403 768 3484 reguloe
781 3413 901 3474 statuta,
924 3421 974 3462 vo·

29 3480 84 3542 lint
95 3502 209 3548 vovere
230 3485 463 3548 observationem
477 3483 568 3546 totius
581 3483 700 3563 regule.

60 3562 114 3622 111.
136 3561 170 3623 si
187 3577 278 3636 error,
290 3563 436 3644 deceptio,
459 3563 507 3624 sel
520 3561 686 3643 ignorantia
709 3559 749 3624 sit
772 3559 975 3624 tantummodo

30 3641 99 3704 circe
110 3642 255 3704 accidens
269 3643 395 3724 aliquod.
418 3641 467 3704 vel
480 3642 560 3704 circa
572 3643 772 3704 conditionem
791 3641 840 3702 rel
852 3637 972 3700 modum

33 3721 227 3786 extrinsecam
240 3723 412 3784 substantie
425 3721 496 3794 voti,
504 3723 552 3784 vel
565 3723 646 3787 circa
657 3739 776 3791 causam
789 3717 974 3801 impulsivam

32 3800 148 3875 antdm,
161 3822 223 3866 noa
236 3801 362 3885 impedit
369 3801 498 3866 valorem
510 3801 580 3866 mat

489 3899 503 3942 a
