2246 4096
391 211 434 254 oz
453 205 664 256 murmuro.
949 195 1010 258 223

89 353 160 414 ΧΗ.
174 359 216 413 4⁰.
230 347 342 414 utute
350 347 471 432 ttgitm
480 345 809 416 emulantium-res
819 356 1006 436 temporales,

50 433 93 493 eis
110 434 328 503 benedicendo,
348 435 396 493 vel
414 435 492 494 mala
509 436 546 496 ab
560 434 604 494 eis
622 435 800 504 avertendo:
822 435 865 496 sic
884 436 1007 496 benedi-

49 514 144 572 cimus
153 515 245 585 cibos,
255 514 548 600 lifflr'd‘i‘ll'llrffi·
577 514 615 652 ἓ.
623 514 899 594 Benedictut'signo
908 516 1007 576 crucis

48 592 199 672 confregit
211 595 350 674 poculum
363 605 542 654 venenatum
553 618 561 663 ;
598 636 606 652 .
619 587 742 655 Rochus
751 595 902 674 signaculo
911 595 1007 657 crucis

48 672 208 750 pestiferos
222 674 381 758 sanavitne
404 693 452 760 em
468 673 813 760 ¹lamirtutisvicefficaciae
823 675 899 754 signi
909 675 1007 736 crucia

47 751 182 831 reperies
196 753 227 812 in
240 749 363 822 Hazaft,
381 693 494 824 i‘uriht,
505 737 677 814 “ulamhant
697 754 724 814 u
741 755 1005 825 concionatoribus,

50 831 79 890 S·
95 831 191 971 Greg.
204 833 254 894 lib.
267 835 287 892 8
300 833 379 926 Diph
393 853 419 910 p.
433 833 531 918 iiiii.
556 875 572 894 ..

85 893 150 970 'Ei'
175 913 201 973 is
214 905 252 974 iii'
266 913 383 984 otescrt,
401 909 516 992 iitrmn'
548 904 662 976 ribiit'er
680 922 799 974 utamur
817 913 875 974 hoc
895 913 1005 974 sanclae

49 991 148 1051 crucis
159 933 430 1072 signoh'eque'nth
442 987 497 1072 pe'r
510 985 599 1063 diem,
613 986 640 1052 iz
652 986 722 1054 ante
737 986 835 1054 omnia
847 1013 946 1073 opera.

85 1073 117 1129 A
133 1091 192 1152 quo
205 1085 344 1154 tempore
351 1073 477 1140 invaluit
489 1091 560 1134 usus
573 1073 652 1157 sigui
663 1073 783 1136 crucis?

88 1149 177 1215 xm.
198 1139 1007 1240 n.n·tatpiie.nptstt1o3m„·aoptimumst,nt
1094 1167 1099 1180 ·

49 1225 258 1304 cantitamus
272 1209 386 1299 mecm.
431 1227 444 1238 ”
472 1265 511 1303 .,
601 1308 605 1318 ¹
686 1289 690 1297 ,
776 1306 781 1318 .

89 1301 301 1392 Tertullianus,
321 1309 454 1392 Scriptor'
469 1306 688 1379 vetustissimus
709 1312 789 1373 choo
800 1312 891 1372 finem
905 1313 1005 1372 saeculi

48 1377 252 1477 submilitat
265 1383 366 1463 hahet,
385 1373 434 1454 lib.
449 1387 487 1454 de
501 1380 618 1454 Corona
640 1382 748 1455 Militis
762 1391 788 1452 c.
805 1393 834 1450 3.
847 1412 924 1472 page
938 1389 1006 1452 342.

48 1477 64 1506 “
73 1469 129 1530 Ad
137 1457 465 1562 omrieln'pro'gr‘etisum,
478 1485 569 1556 atque
578 1474 753 1558 promotum,
767 1471 807 1550 ad
816 1475 934 1533 omnem
943 1471 1006 1532 adi-

45 1553 111 1610 tur‘n
131 1555 159 1610 u
172 1552 295 1623 exitum,
315 1543 563 1624 ad'vestitum,ad
577 1553 750 1623 calceatum,
771 1551 810 1612 ad
823 1547 948 1622 lavacra,
968 1553 1007 1612 ad

45 1649 175 1704 mensas,
188 1633 228 1694 ud
239 1633 356 1708 lumina,
370 1633 565 1712 adlcubicula,
579 1633 618 1692 ad
628 1625 740 1704 sedilia,
755 1633 944 1712 quacumque
952 1652 1006 1692 nos

45 1705 234 1781 conuertitio
248 1713 380 1784 exercet,
398 1713 526 1776 frontem
541 1705 637 1774 crucis
651 1711 801 1792 signaculo
817 1712 965 1773 terimus.”

84 1786 179 1879 XIV.
193 1788 222 1852 S.
236 1787 359 1854 Hieron.
376 1789 415 1852 ad
434 1787 576 1854 Eustoch.
601 1801 619 1830 “
631 1791 682 1852 Ad
700 1812 816 1852 ornnem
836 1803 946 1862 actum,
966 1792 1005 1850 ad

44 1877 166 1931 omnem
180 1870 327 1932 incessum
341 1873 446 1932 manus
460 1873 564 1952 pingat
577 1871 721 1932 crucem.”

83 1951 154 2010 XV.
169 1951 259 2012 Plura
268 1952 374 2012 similia
383 1951 554 2015 testimonia
567 1971 606 2012 ex
619 1951 672 2012 SS.
684 1943 743 2010 PP.
755 1943 883 2030 August.
895 1949 1004 2029 Chrys.

44 2031 107 2094 Gre
132 2026 208 2092 .8ιο.
221 2027 352 2110 r'e'p'eiies
362 2020 512 2110 ‘producta
525 2032 543 2090 a
557 2027 590 2090 P.
605 2026 726 2090 Haaart.
742 2030 866 2090 Catech.
887 2030 956 2089 lect.
966 2035 1004 2088 -4,

44 2053 153 2172 Turih‘t
165 2109 287 2172 Catech.
298 2108 408 2172 leetl.
421 2113 447 2170 u
461 2107 490 2170 5.
504 2105 546 2171 ita
560 2123 593 2171 ut
607 2109 708 2170 insana
722 2109 761 2169 sit
776 2103 1003 2170 Calvinistarum

43 2189 199 2250 temeiitas
213 2189 416 2269 abrogantium
428 2193 514 2252 usum
527 2187 604 2269 sigui
621 2189 650 2250 S.
663 2189 778 2251 Crucis.
819 2185 901 2247 XVI.
915 2185 951 2248 ln
966 2187 1003 2246 V.

44 2269 68 2326 L
86 2270 186 2348 ligura
199 2269 343 2349 signaculi
362 2281 473 2330 sanctoe
494 2269 599 2332 Crucis
620 2265 769 2329 invenitur
783 2261 893 2328 Ezech.
909 2269 937 2324 9.
952 2269 1003 2326 uhi

62 2351 245 2416 rohibentur,
264 2349 368 2420 occidi,
394 2369 518 2429 quorum
539 2349 653 2410 frontes
670 2348 792 2428 signatae
814 2359 900 2408 erant
918 2348 1003 2426 signo

43 2370 140 2498 iheu,
151 2429 214 2489 sive
230 2429 264 2487 Τ.
279 2429 358 2508 quod
371 2444 490 2490 crucem
502 2425 647 2508 designat.

82 2508 186 2567 XVII.
201 2509 269 2588 Obj.
281 2508 363 2569 Cr'ux
373 2509 475 2569 attulit
484 2508 603 2570 Christo
612 2505 801 2586 ignominiam
815 2511 841 2565 a
855 2506 1003 2574 dolorem3

43 2605 116 2668 ergo
131 2585 228 2648 crucis
246 2585 362 2668 signum
434 2588 480 2648 ius
498 2600 545 2649 est
560 2585 786 2648 abominandum
807 2603 895 2666 quam
914 2601 1002 2646 vene·

43 2665 168 2726 randum
182 2679 234 2728 aut
247 2669 377 2727 honoran
407 2671 467 2736 m:
488 2667 555 2748 quia
578 2664 654 2727 filius
677 2680 737 2728 nort
748 2665 873 2725 honorat
886 2665 1002 2744 patibu-

40 2747 111 2816 lum,
126 2746 157 2806 in
199 2745 225 2807 'o
277 2756 323 2812 ter
337 2761 500 2826 suspensus
510 2757 564 2807 est.

81 2765 206 2886 XVllii¹
250 2869 257 2885 .
270 2825 355 2905 Nego
367 2827 524 2906 suntquis
538 2844 612 2887 crux
623 2826 745 2920 ejusque
760 2826 875 2904 signum
891 2823 1001 2884 anobis

41 2925 100 2965 non
113 2907 304 2976 honorantur,
319 2907 493 2985 inquantum
508 2907 526 2965 a
539 2905 761 2966 crucifixorrbus
782 2923 856 2965 crux
870 2903 1002 2963 adhibito

40 2985 98 3044 fuit
111 2987 151 3045 ad
170 2986 367 3064 ignominiam,
392 2986 445 3046 sed
459 2986 634 3064 inquantum
643 2986 667 3043 ,a
681 2986 799 3044 Christo
813 3005 886 3044 crux
899 2983 1001 3042 volun-

42 3065 118 3124 orie
132 3077 283 3148 assumpta
293 3077 339 3125 est
353 3077 386 3126 ut
400 3065 628 3126 instrumentum
645 3063 870 3143 Redemptionis
883 3071 1000 3133 nostrae,

41 3149 67 3280 l&
81 3141 200 3230 signum
214 3143 355 3224 triumphi
367 3143 412 3204 nii
426 3149 453 3203 a
466 3145 597 3204 uictoria
607 3155 698 3224 super·
704 3155 858 3224 peccatum
868 3147 893 3200 δι
902 3143 1002 3202 diobo-

51 3236 113 3282 Μ.
239 3231 243 3252 “.

83 3303 134 3362 Ad
147 3305 230 3384 prob.
245 3304 320 3374 dico,
341 3303 542 3382 disparitatem
564 3323 638 3372 esse,
662 3303 743 3382 quod
765 3301 928 3382 patibulum
943 3315 1001 3361 non

40 3381 146 3444 anem
158 3381 235 3463 paul
250 3379 439 3464 triumphum,
451 3398 510 3444 nec
521 3381 673 3443 victoriam
688 3397 744 3444 nec
752 3384 901 3442 honorem.

81 3464 182 3528 Quare
203 3471 382 3526 veneramur
401 3461 504 3544 omnia
522 3461 606 3542 sigua
633 3458 729 3522 crucis
753 3481 790 3522 ex
815 3477 1001 3540 quacumque

41 3539 166 3602 matellis
180 3539 323 3613 coniecta,
339 3555 396 3602 non
412 3545 453 3603 sic
468 3560 569 3603 omnes
584 3541 703 3602 clavos?

81 3623 164 3681 xlx
179 3623 216 3684 R.
238 3625 316 3689 Quia
327 3619 356 3682 ἔ
376 3642 446 3682 num
461 3623 556 3683 crucis
567 3622 676 3702 ubique
690 3631 881 3700 representat
891 3621 1000 3698 passio-

40 3699 107 3760 nenl
122 3699 314 3764 ti‘vict'olmlr'
329 3637 585 3771 chrismantur,
599 3717 658 3761 non
673 3701 715 3762 sic
730 3713 831 3761 omnes
845 3699 927 3759 clavi.
1072 3707 1073 3712 ’
