2236 4084
434 137 627 182 antrorosrs.
965 119 1002 178 19

63 279 137 342 niu
148 299 179 360 p.
193 281 221 340 5.
234 278 292 340 Est
300 290 400 341 autem
409 279 484 342 illud
492 289 674 360 preceptum
685 277 1001 340 divnumamtumle.
1107 326 1108 329 η

96 359 291 426 Quandonam
305 359 416 438 obligat
429 371 612 439 praeceptum
626 357 751 418 orandi?

94 440 131 498 R.
150 439 300 518 Wiggers,
321 440 446 519 Sylvius,
459 440 602 519 Layman,
616 438 724 516 aliique
738 437 913 498 Scholastici
931 457 1001 496 enu-

60 529 170 578 merant
179 519 348 580 occasiones
358 519 466 597 plures,
480 519 628 597 inquibus
641 517 934 598 praeceptumorandi
948 537 1001 595 per

59 617 98 668 se,
106 598 154 658 vel
161 618 218 678 per
227 599 366 676 accidens
374 598 484 678 obligat
498 596 661 659 secunddrn
672 595 893 657 ordinariasDei
901 596 1000 674 leges:

59 756 81 814 B
93 677 194 818 udalr&
215 677 303 739 Circa
312 677 429 738 initium
439 679 510 740 ustis
524 677 654 738 rationis.
674 678 722 737 lta
735 676 844 736 docent
852 676 1000 756 Wiggers,

83 775 120 816 ou
175 768 197 828 t,
210 760 264 818 dvc.
1108 765 1109 768 ’

92 837 132 895 8⁰.
151 837 189 896 In
202 835 335 915 periculo
344 835 455 896 mortis.
482 835 608 917 Sylvius,
622 836 763 906 Boudart,
777 834 919 914 Layman,
930 835 1000 893 Bec.

92 917 133 974 ³⁰.
151 916 191 974 In
204 916 288 994 gravi
302 917 474 976 tentatione.
514 913 661 996 Wiggers‚
683 915 824 984 Boudart,
838 915 904 972 Van
923 913 999 992 Roy.

90 997 131 1056 4⁰.
152 995 282 1061 Quando
292 1015 365 1074 opus
375 995 499 1056 arduum
508 998 631 1074 aggredi
645 1005 770 1074 oportet.
795 992 921 1074 Sylvius.

90 1073 131 1133 5⁰.
141 1075 271 1140 Quando
281 1085 420 1152 peccator
431 1085 551 1136 tenetur
561 1094 764 1156 seprsepararc
773 1074 929 1134 adstatum
935 1091 1000 1152 gra·

55 1151 119 1222 tim
139 1153 190 1213 vel
204 1153 321 1232 quando
345 1155 567 1214 Sacramentum
581 1154 701 1235 aliquod
718 1153 938 1234 suscipiendum
952 1151 999 1212 vel

55 1232 317 1292 administrandum
334 1244 389 1294 est.
428 1233 575 1314 Wiggers.

89 1314 130 1370 6⁰.
151 1310 191 1372 In
198 1313 379 1373 necessitate
389 1310 541 1387 Ecclesia,
552 1313 745 1394 Reipublicae.
760 1323 812 1373 aut
830 1311 998 1373 Communi·

54 1390 128 1450 tatis.
149 1392 300 1470 Wiggers,
313 1391 455 1471 Layman.
525 1419 526 1426 ¹

89 1471 130 1530 7⁰.
151 1471 232 1530 Item
241 1471 272 1530 in
281 1472 460 1532 necessitate
474 1472 522 1534 vel
534 1473 666 1552 periculo
679 1483 780 1534 nostro
793 1481 845 1532 aut
863 1469 998 1550 proximi,

51 1549 999 1693 littllttlltll’litttlttttttlt‘thtltf
1057 1625 1059 1637 ·

49 1711 142 1780 niens,
155 1722 192 1770 ut
201 1721 390 1770 succurratur
400 1711 580 1776 necessitati.
599 1649 883 1790 Ι.555.,Ἰ.5γω.ἷξ8.
894 1707 998 1768 Thom.

48 1789 119 1848 inl.
141 1790 175 1848 d.
198 1791 244 1848 15.
264 1801 319 1848 art.
342 1790 367 1848 l.
388 1801 491 1868 quast.
511 1794 540 1849 8.
977 1857 979 1862 ¹

83 1869 142 1930 111.
167 1872 209 1928 8⁰.
228 1869 319 1934 Quod
330 1882 512 1964 preceptum
526 1869 628 1933 orandi
646 1869 756 1948 obliget
775 1867 878 1958 diebus
892 1865 997 1936 Fertis,

48 1948 163 2008 indicat
173 1949 205 2009 S.
220 1949 325 2008 Thom.
335 1949 399 2009 loco
408 1960 500 2010 citato
513 1950 633 2010 dicens:
655 1958 673 1987 ‘⁶
682 1948 816 2008 omnibns
829 1946 947 2006 vrdetnr
960 1947 997 2006 ab

47 2027 188 2088 Ecclesia
207 2028 438 2090 determinatum
465 2039 582 2108 tempus
618 2027 721 2090 orandi
744 2027 888 2088 statutum
915 2045 998 2093 esse;

47 2107 113 2171 edm
128 2127 172 2167 ex
187 2108 342 2168 canonum
369 2119 481 2168 statuto
508 2120 664 2169 teneantur
691 2107 795 2168 diebus
813 2104 909 2166 Festis
922 2105 997 2164 inte·

47 2207 129 2249 rasso
144 2185 267 2245 Divinis
294 2187 415 2258 Officiis,
433 2189 596 2268 prasertim
609 2189 711 2248 Misso
726 2185 882 2254 Sacrificio,
897 2195 932 2244 ut
944 2184 1002 2242 mi·.

45 2267 149 2326 nistris
174 2285 232 2346 pro
254 2266 367 2346 populo
393 2269 543 2329 orantibus
566 2287 649 2328 suam
675 2267 869 2328 intentionem
884 2263 997 2324 confor-

45 2345 155 2407 mcnt’

85 2424 140 2484 tv.
156 2425 201 2483 9⁰.
217 2421 290 2496 ltno,
305 2426 384 2504 quod
393 2425 533 2505 obligatio
542 2438 676 2488 recurrat
688 2424 790 2488 orandi
803 2422 925 2501 singulis
936 2423 996 2482 die·

44 2507 106 2574 bus,
122 2503 280 2584 significat
294 2504 323 2563 S.
347 2506 426 2584 Aug.
446 2517 516 2566 tom.
529 2509 556 2566 8.
570 2507 619 2566 lib.
634 2507 671 2566 de
685 2504 857 2566 Hmresibus
871 2523 934 2580 cap.
948 2505 1000 2572 57,

46 2585 94 2644 nbi
109 2584 217 2652 docet,
231 2586 322 2645 verba
330 2584 441 2645 Christi
462 2593 602 2664 “oportet
614 2605 731 2666 semper
746 2583 853 2653 orare,”
873 2583 915 2643 sic
930 2603 996 2644 esse

43 2663 235 2742 accipienda,
257 2674 292 2722 nt
313 2663 393 2723 nullo
416 2663 465 2725 die
488 2665 723 2726 intermittantur
748 2675 830 2725 certa
863 2673 996 2740 tempora

44 2743 159 2802 mandi.
181 2742 271 2802 Idem
293 2741 442 2821 colligitur
458 2763 498 2804 ex
518 2743 660 2806 Oratione
681 2743 927 2804 Dominica&ex
941 2761 996 2800 usn

42 2821 183 2900 piorumr
206 2821 333 2892 accedit,
347 2823 427 2901 quod
440 2825 529 2902 juxto
541 2823 598 2884 Job
613 2827 640 2882 7.
657 2824 719 2885 vita
731 2835 831 2885 nostra
840 2823 879 2882 sit
892 2821 997 2882 militia

43 2903 72 2960 dt
92 2901 232 2962 tentatio
245 2901 385 2962 continua
398 2921 487 2980 super
500 2913 617 2973 terram,
631 2904 662 2964 in
676 2923 734 2983 qua
747 2905 865 2964 vincere
879 2912 997 2979 oportet

41 2999 94 3060 per
107 2981 282 3040 orationem
292 2982 492 3059 quotidianam
503 2984 534 3042 dr
544 2983 722 3044 continuam.

78 3059 170 3119 Audi
186 3059 217 3120 S.
237 3055 363 3120 Hieron.
383 3063 578 3124 instruentem
593 3061 734 3124 Eustoch.
755 3064 810 3142 Ep.
826 3065 881 3120 12:
904 3069 921 3098 “
931 3061 997 3122 Nec

43 3140 127 3200 “cibi
150 3149 311 3202 sumantur
333 3140 390 3200 nisi
403 3141 534 3202 oratione
553 3143 708 3222 premissa,
730 3163 787 3204 nec
809 3141 997 3203 recedatur&

41 3227 57 3256 “
66 3238 180 3279 mensa
193 3218 252 3278 nisi
260 3220 427 3280 referantur
440 3223 549 3300 gratie,
564 3223 750 3301 egredientes
762 3223 799 3283 de
813 3222 940 3301 hospitio
954 3244 998 3282 ar·

42 3306 131 3358 “met
146 3299 255 3369 oratio,
265 3300 501 3391 regredientibus
512 3313 648 3364 occurrat
661 3303 761 3373 oratio,
775 3323 832 3364 nec
842 3302 923 3382 pride
935 3317 1001 3364 cor·'
1108 3355 1109 3360 ,

42 3384 58 3412 “
551 3382 558 3396 0
766 3383 781 3405 71

65 3377 790 3522 ppscgluggpenpplzgpppopnupmaapappptppv·
804 3473 879 3541 part.
891 3465 920 3523 2.
934 3481 997 3541 cap.

43 3537 86 3594 ta
106 3537 293 3631 adhortatur
306 3557 407 3600 omnes
421 3539 459 3600 ad
481 3541 733 3620 frequentissimas
746 3543 893 3602 orationes
908 3543 997 3602 Jecu-

40 3617 166 3677 latonas
183 3618 397 3695 practicandrs,
409 3621 498 3680 etiam
512 3619 628 3692 millies,
641 3622 692 3692 ait,
707 3621 737 3680 in
751 3622 816 3690 dies
836 3641 902 3700 quae
915 3641 997 3682 men-

43 3697 143 3758 taliter
160 3695 268 3776 perfici
279 3710 402 3777 possunt
413 3719 529 3780 semper
543 3703 574 3762 &
589 3701 706 3782 ubique,
721 3702 751 3763 in
761 3702 832 3774 foro,
846 3701 876 3762 in
890 3702 997 3781 platea.
