2232 4092
145 185 207 246 aot
485 205 527 249 aa
547 203 774 252 suasurum(
858 249 862 258 ,
1113 224 1114 254 ι

68 379 72 384 -
184 342 337 410 Quantum
349 358 506 426 peccatum
520 348 567 410 es‘t
576 347 759 412 consuetudo
767 347 911 430 jurandi?
1113 357 1114 360 ’

186 423 244 484 111.
265 425 302 484 R.
324 425 513 488 Consuetudo
532 429 700 491 voluntaria
722 442 780 490 non
804 441 965 491 retractata
979 427 1108 508 jurandi

144 503 291 584 quidlibet
305 517 351 566 est
364 507 527 568 mortaliter
539 507 629 580 malm
644 509 798 573 constituit
811 510 962 570 hominem
970 509 1007 568 -in
1021 517 1114 582 statui

144 583 276 644 mortalis
289 585 408 664 peccati
420 603 479 647 non
490 587 584 647 solum
597 585 763 661 habitualis,
777 589 831 650 sed
851 589 942 650 etiam
956 589 1114 656 virtualisn

146 674 181 724 ut
193 662 323 744 loquitur
338 665 519 748 Suarezhcap.
531 670 560 726 6.
570 667 727 806 aetpuivalet
735 669 843 732 actuali
854 680 996 748 peccato,
1009 667 1108 731 sicuti

146 742 282 803 voluntas
291 743 339 804 vel
354 743 476 806 affectus
489 762 600 825 peccan
623 747 684 809 ide
698 760 853 824 caetero.¹
944 811 947 820 ,
1113 803 1114 812 ,

187 821 275 886 Ratio
290 835 345 896 est,
360 824 443 904 qudd
462 826 521 902 illa
534 828 716 888 consuetudo
742 827 906 890 voluntarie
930 827 1111 888 continuata

145 901 278 968 includat
285 900 416 984 paratam
429 905 610 967 voluntatem
620 907 785 986 pejerandi:
796 973 799 980 ,
820 907 870 978 uia
882 907 948 987 ipsa
962 919 1012 966 est
1020 927 1111 968 occa·

145 981 190 1042 tio
216 983 350 1060 proxima
363 996 432 1045 actu
453 985 593 1058 existens,
618 1003 656 1048 ex
671 1007 729 1068 qua
742 929 933 1048 infaiiibiliter
947 997 1022 1048 nata
1037 999 1110 1048 suut

148 1077 163 1120 s
202 1079 262 1142 urp
297 1061 399 1124 'uria'

165 1079 256 1225 e(iiij.
311 1143 408 1208 abitus
421 1163 479 1224 non
493 1155 539 1204 est
549 1155 647 1218 actus3
662 1161 799 1226 ergonon
813 1156 859 1207 est
869 1145 987 1208 actuale
999 1165 1112 1224 pecca·

149 1229 222 1290 tam,
236 1219 396 1282 sedsoldm
411 1223 569 1284 habituale.
614 1267 617 1271 -

188 1299 225 1358 R.
240 1299 378 1371 Habitus,
394 1299 445 1382 qui
458 1303 592 1364 continet
603 1303 742 1366 affectum
761 1303 808 1366 vel
821 1303 1009 1366 voluntatem
1025 1323 1113 1384 para·

59 1412 65 1424 ·
148 1389 208 1452 tam
230 1380 381 1460 peccandi,
413 1381 547 1444 continet
566 1395 665 1444 actum
693 1383 848 1445 virtualem
876 1384 1111 1451 continuatum

148 1469 236 1538 prout
248 1457 296 1519 fur
308 1461 439 1522 retinens
453 1463 581 1524 scienter
601 1461 728 1524 alienum
741 1483 810 1526 curn
833 1463 931 1526 animo
944 1483 1010 1523 non
1026 1463 1115 1534 restis

148 1537 258 1610 mendi,
272 1551 320 1601 est
332 1539 363 1601 in
385 1551 466 1603 statu
488 1561 547 1602 non
561 1543 655 1604 solim
677 1543 843 1616 habitualis,
863 1543 916 1604 sed
928 1547 955 1602 ἃ
978 1543 1115 1612 actualis

150 1618 277 1700 peccati.
888 1661 892 1670 ι

134 1713 137 1720 ’
159 1748 163 1760 ,
186 1697 338 1765 Quantum
349 1705 508 1842 peccatum
521 1711 592 1762 aunt
612 1699 719 1784 singuli
730 1713 816 1764 actus
839 1722 878 1764 ex
890 1699 942 1762 illa
965 1701 1115 1770 volunta-l

147 1776 191 1838 ria
204 1791 348 1842 consuetu
371 1779 418 1842 'ne
432 1779 638 1861 prodeuntes?

186 1857 239 1917 IV.
261 1857 352 1953 Resp.
374 1857 488 1941 Singuli
507 1872 592 1922 actus
615 1873 686 1924 sunt
701 1873 832 1945 peccata
857 1860 999 1936 mortalia
1016 1863 1115 1922 conti·

146 1936 249 1998 nentia
261 1939 538 2020 malitiamperjurii,
553 1935 736 2014 etiamtunc,
752 1940 868 2022 quando
888 1940 969 2000 forte
985 1943 1115 2019 juratur

146 2021 289 2156 ιριιιιιίβι
301 2017 425 2160 licipum,
447 2031 567 2102 propter
589 2020 753 2105 periculum
765 2019 898 2102 perjurii,
910 2020 996 2100 quod
1012 2034 1069 2082 est
1083 2022 1114 2082 iu

144 2115 190 2164 s¹
219 2099 347 2160 uuacti
369 2117 433 2160 us.-

164 2115 220 2236 nigi
234 2188 333 2240 umen
346 2175 621 2242 eomuetudinarius
634 2176 666 2240 in
678 2179 776 2262 aliquo
789 2198 861 2242 casu
874 2177 946 2240 satis
957 2179 1047 2244 adve
1085 2208 1089 2231 ι

143 2254 231 2319 certo
244 2275 347 2322 verum
360 2275 427 2320 esse
440 2263 467 2318 oz
480 2257 604 2332 licitum,
619 2259 699 2341 quod
708 2261 797 2340 jurat,
808 2258 919 2340 poterit
930 2256 963 2318 in
972 2259 1033 2322 illo
1048 2273 1100 2322 act

146 2355 205 2476 nlpn
219 2355 344 2416 peccare
365 2339 620 2422 moraliterque
639 2339 802 2420 periculum
823 2336 944 2420 periurii
967 2341 1069 2402 abest
1088 2368 1111 2393 ι·

150 2415 296 2480 ioactu.
440 2473 443 2480 .
580 2469 584 2476 .

186 2491 223 2558 V.
236 2495 321 2560 ldem
331 2495 488 2559 dicendum
502 2497 540 2560 de
563 2497 776 2561 consuetudine
799 2494 965 2560 voluntaria
978 2501 1098 2577 jutan

146 2573 267 2646 incaute
286 2581 313 2636 d
326 2577 449 2650 temeri,
463 2575 603 2642 videlicet
626 2579 689 2642 sine
703 2575 859 2640 sufficienti
882 2576 1052 2657 diligentia
1069 2601 1108 2642 au

147 2655 212 2716 sine
251 2656 339 2718 raevia
356 2655 546 2740 inquisitione
568 2655 645 2722 sitne
665 2677 768 2720 verum
782 2670 835 2720 aut
847 2657 964 2728 falsum,
993 2657 1072 2721 licit
1101 2690 1113 2713 ι·

147 2735 195 2795 vel
215 2676 360 2809 iliicitum,
394 2735 621 2832 quodjuratirn
644 2738 833 2819 quantumvis
856 2735 923 2798 talis
947 2754 1092 2802 consuet

115 2813 277 2904 &dinarius
290 2816 441 2955 nunpusim
460 2829 590 2880 scienter
599 2821 682 2900 juret
693 2817 800 2880 falsum
820 2827 872 2878 aut
893 2813 1067 2910 illicitum
1103 2819 1110 2834 '

128 2891 254 2972 'anirum
268 2893 353 2956 dicen
376 2915 434 2966 um,
450 2895 530 2978 quod
545 2897 728 2960 consuetudo
742 2898 782 2960 sit
802 2896 967 2957 mortahter
983 2900 1084 2970 mala,
1103 2912 1114 2949 ι

147 2973 256 3052 singuli
275 2985 358 3036 actus
367 2976 524 3054 jurationis
546 2972 672 3040 incautae
695 2977 867 3040 contineant
885 2974 1041 3036 malitiam
1057 2999 1091 3058 p·

141 3055 216 3134 jurii
232 3056 269 3116 ob
283 3055 458 3136 periculum.
897 3093 902 3100 ·

148 3215 175 3272 ἃ
187 3129 269 3270 liliud
277 3132 471 3274 jupilcandum
482 3133 519 3196 de
528 3133 742 3198 consuetudine
747 3133 867 3218 Jurandi
877 3152 999 3214 semper
1009 3156 1093 3196 veru
1102 3164 1115 3187 ι·

91 3255 96 3282 ,
200 3225 304 3274 rcttum

188 3292 242 3352 VI.
264 3293 354 3374 Resp.
376 3291 417 3354 Et
430 3293 481 3354 illa
489 3281 852 3376 consuetudo,i1uaecertd
865 3311 931 3354 rara
940 3303 1000 3363 est,
1011 3297 1113 3358 volun

149 3372 223 3433 taric
239 3372 416 3446 continuato,
431 3373 548 3435 videtur
567 3395 633 3436 esse
646 3373 811 3454 mortaliter
828 3372 923 3442 malas
942 3372 1021 3452 quia
1050 3395 1112 3436 con

149 3449 228 3512 tinet
254 3451 448 3532 vilipendium
462 3453 580 3534 aliquod
594 3453 686 3515 divini
710 3451 879 3522 testimonii,
901 3455 926 3510 n
982 3447 1071 3516 ricul
1103 3484 1116 3503 ι·

149 3527 311 3610 aliquando
328 3532 447 3612 jurandi
467 3531 575 3594 falsum
598 3533 646 3594 vel
672 3531 825 3596 illicitum:
845 3550 912 3594 nam
962 3551 1038 3594 omo
1071 3534 1116 3594 di

149 3621 232 3670 stare
247 3629 306 3669 uon
320 3621 427 3690 potest,
442 3611 512 3692 quin
526 3625 596 3692 agat
607 3608 763 3694 aliquando
776 3609 896 3674 tandem
919 3609 1052 3674 incaute
1080 3634 1108 3673 s·

152 3687 286 3750 cundum
299 3689 451 3750 habitum:
466 3691 595 3771 denique
605 3691 773 3754 scandalum
784 3691 906 3752 aliorum
918 3708 979 3750 non
989 3689 1080 3754 tollit

196 3767 267 3826 VII.
288 3769 385 3828 Actus
407 3780 505 3829 tamen
529 3791 568 3832 ex
585 3773 642 3834 hac
666 3771 878 3834 consuetudine
902 3771 1106 3852 provenient·

150 3845 353 3912 communiter
367 3860 436 3910 sunt
457 3849 552 3911 solum
565 3851 718 3914 venialiter
739 3851 816 3925 mali,
836 3850 904 3931 quia
927 3849 1018 3912 deest
1041 3854 1116 3914 solu
