2244 4088
146 113 186 172 60
540 125 582 174 oa
600 129 699 174 uoats

148 270 228 330 tione
242 269 344 332 sedula
356 270 455 332 oculos
466 269 603 342 habuerit
616 255 764 341 demissos,
775 268 952 350 judicabitis
966 287 1087 332 commu·

148 349 225 410 niter
234 349 341 412 vitasse
355 350 557 412 distractiones
567 350 761 418 voluntarium
775 350 860 410 sectis
873 350 953 420 verd,
966 350 991 410 si
1005 350 1088 410 oculis

148 429 300 568 dpuagatus
327 407 424 501 luerit,
450 431 633 511 quantumvis
654 450 708 509 per
732 429 887 508 Templum
912 429 1018 499 solum,
1042 439 1089 489 aut

147 528 165 568 c
187 527 278 568 orum.
961 539 964 546 ·

188 587 242 648 XI.
263 589 299 648 In
313 588 409 660 dubio,
430 591 531 650 utrirm
551 589 700 652 distractio
714 609 753 650 ex
767 609 855 650 causa
868 587 983 648 interna
995 607 1089 666 prove-

147 667 231 728 niens
244 667 333 728 fuerit
342 669 412 730 satis
425 671 594 742 voluntaria,
609 679 725 750 oportet
737 669 781 728 uti
794 668 903 748 regulis
916 667 992 728 tradi
1005 667 1090 727 solitis

149 747 181 806 in
195 747 294 808 Tract
316 749 354 808 de
370 749 496 810 Sacram.
537 751 643 810 Poenit
666 748 823 810 videlicet:
845 747 871 808 si
884 747 948 826 quis
961 748 1001 808 sit
1013 746 1090 806 timo·

149 838 221 886 ratae
242 828 445 897 conscicntiae;
468 829 492 890 si
514 849 662 909 nunquam
686 828 778 890 soleat
798 827 954 888 admittere
977 826 1090 886 distrac-

149 905 245 968 tiones
255 907 367 968 directb
377 909 552 970 voluntarias
566 929 702 971 earumve
713 927 831 976 causam
844 907 869 969 si
882 905 992 976 statim,
1005 917 1038 964 ut
1047 923 1091 964 eas

149 985 284 1056 advertit,
300 988 423 1048 senserit
433 988 654 1067 displicentiam,
668 995 840 1052 &conatum
851 986 891 1046 ad
902 983 1090 1046 revocandum

149 1065 189 1124 ad
202 1067 360 1126 orationem
371 1067 498 1128 animum
511 1068 677 1129 adhibuerit
685 1073 747 1140 dcc„
761 1065 933 1144 supponitur
947 1061 1091 1132 distractio

150 1164 209 1212 uon
221 1143 311 1206 fuisse
324 1146 500 1208 voluntaria:
519 1149 605 1209 sectis
618 1147 699 1218 verb,
713 1149 738 1210 si
751 1145 915 1226 opposittuu
927 1143 1091 1226 reperiatur.

149 1293 153 1300 ’
230 1343 269 1403 a.
298 1346 347 1406 49.
377 1345 435 1406 nn
455 1346 652 1408 recenso
681 1341 1022 1408 nrs'rnncrroms

151 1506 175 1564 1.
196 1509 356 1570 Distroctt'o
368 1510 533 1571 voluntario
545 1513 623 1570 circo
635 1513 784 1570 maurium
794 1518 1090 1590 prooempraeoepcooo

208 1607 298 1666 prove
318 1601 467 1668 peccatum
492 1601 540 1650 est.
580 1591 620 1649 II.
641 1591 778 1650 Recitator
799 1591 933 1649 distracti
950 1609 1016 1650 cum
1029 1605 1091 1666 pro

148 1689 151 1696 ·
204 1671 464 1748 positorepetcndi.
503 1671 559 1728 111.
578 1669 741 1729 Distroctio
761 1673 794 1728 tn
816 1671 942 1728 matium
955 1684 1091 1744 coapto·

209 1759 299 1828 cepto.
339 1749 391 1807 IV.
416 1749 489 1821 Quo
512 1750 639 1830 practice*
664 1751 858 1808 examinando
882 1751 960 1806 circo
981 1749 1100 1807 duno-¹

210 1830 322 1886 bouem.
362 1827 398 1886 V.
418 1831 578 1890 Distroctio
604 1831 681 1887 circa
703 1831 852 1888 materiam
871 1847 992 1905 procem
1006 1830 1092 1906 potat

210 1927 267 1966 esse
279 1905 389 1966 veniale
395 1918 545 1988 peccatum
557 1907 591 1968 ob
604 1909 870 1968 indelibcrctiooem.

191 2083 408 2151 QUANTUM
421 2100 575 2168 peccatum
584 2054 685 2149 causat
699 2087 847 2148 distractio
861 2087 891 2146 in
904 2085 1059 2146 oratione?

171 2164 216 2300 llI·
230 2166 268 2225 R.
284 2167 315 2226 si
329 2167 477 2230 distractio
491 2168 529 2228 sit
542 2169 741 2238 involuntaria,
752 2189 810 2228 non
824 2166 936 2226 inducit
945 2163 1091 2246 peccatum

151 2263 171 2302 u
193 2264 251 2304 um.
429 2263 431 2268 ·

164 2313 167 2318 ¹
191 2323 232 2383 11.
255 2325 285 2384 Si
300 2326 448 2388 distractio
469 2299 507 2388 ab
520 2327 682 2388 intentione
701 2328 800 2390 debita
822 2327 860 2388 sit
874 2325 944 2386 s'atis
967 2318 1100 2404 perfecti

152 2403 321 2475 voluntaria,
337 2419 437 2466 causat
445 2407 474 2466 in
485 2407 606 2468 materia
615 2407 695 2486 gravi
705 2419 853 2488 praecepta
861 2417 1015 2486 peccatum
1024 2417 1091 2462 mor·

48 2495 51 2500 ’
153 2482 222 2552 tale,
236 2489 261 2542 dr
275 2484 305 2542 in
318 2486 439 2546 materia
452 2485 509 2545 levi
523 2499 678 2566 peccatum
690 2488 772 2546 leve:
795 2486 883 2564 igitur
899 2484 1039 2546 Sacerdos
1051 2475 1091 2536 vel

152 2563 342 2626 beneficiatus
354 2585 420 2626 curn
430 2567 595 2644 hujusmodi
605 2567 767 2626 voluntaria
776 2565 964 2626 distractione
973 2561 1100 2622 recitans

153 2640 296 2720 integram
324 2645 437 2726 Horam
465 2645 642 2706 Canonicam
671 2647 718 2705 vel
744 2657 858 2724 partem
884 2643 1041 2704 notabilem
1070 2639 1092 2692 dt

153 2740 281 2799 gravem,
295 2737 400 2802 peccat
412 2725 581 2786 mortaliter.
1085 2791 1091 2804 ,

193 2801 235 2860 ΙΙ.
256 2801 335 2867 Quid
348 2805 539 2882 judicandum
554 2805 591 2864 de
604 2805 653 2864 illo
668 2804 827 2865 Sacerdote
841 2802 1029 2869 Beneficium,
1049 2811 1100 2873 qut

59 2957 65 2966 ¹
155 2879 252 2941 Horas
277 2881 438 2945 Canonicas
454 2885 589 2944 recitavit
611 2905 678 2944 cum
692 2883 879 2944 distractione
901 2882 986 2960 plone
999 2877 1091 2938 volun·

155 2960 237 3030 tario,
252 2962 305 3022 sed
318 2963 435 3024 eosdem
449 2975 551 3042 postea
563 2964 671 3043 repetit
684 2969 710 3022 δι
724 2961 963 3024 debite'recitat?

196 3039 233 3098 R.
256 3039 287 3100 si
301 3041 349 3102 ille
372 3043 498 3104 recitans
519 3055 661 3123 proponat
683 3042 730 3102 vel
743 3043 836 3105 soleat
848 3052 982 3119 repetere
1003 3036 1100 3096 Horas

156 3115 295 3180 distracti>
308 3122 453 3193 recitatas,
468 3123 655 3184 excusabitur
666 3122 684 3182 i
696 3133 818 3201 peccato
831 3120 945 3180 mortali
959 3119 988 3178 in
1001 3117 1091 3192 hujus·

155 3197 234 3255 modi
244 3219 322 3260 casu.
357 3201 454 3264 Sinon
468 3203 560 3263 soleat
570 3223 634 3262 eam
645 3202 869 3270 curamhabere,
884 3197 1016 3278 peccavit
1025 3207 1092 3284 mor:

156 3275 261 3347 taliter,
284 3280 414 3358 quamvis
427 3302 479 3360 per
493 3283 628 3344 accidens
643 3293 744 3360 postea
764 3279 925 3359 repetendo
939 3297 988 3338 eas
1001 3274 1091 3334 deblle

155 3353 250 3432 legat:
272 3357 387 3421 interim
402 3361 532 3422 debitum
545 3361 739 3422 restitutionis
750 3360 873 3421 evadere
886 3357 1002 3436 poterit.

196 3435 253 3494 Ill·
274 3439 332 3502 Qui
356 3428 517 3500 voluntarie
533 3440 709 3514 ,distrahitur
733 3440 763 3498 in
784 3438 914 3498 oratione
937 3435 1090 3494 nullooenus

156 3528 311 3594 praecepta,
338 3530 443 3596 peccat
467 3520 658 3580 communiter
679 3518 829 3579 venialiter
854 3528 976 3584 tantum,
1000 3519 1090 3573 contra

157 3607 335 3672 praeceptum
351 3597 512 3674 Religionis
521 3599 689 3676 negativum
702 3598 857 3676 prohibens
868 3614 981 3655 omncrn
995 3593 1090 3675 irrere-

158 3675 281 3734 rentiam
295 3675 324 3734 in
338 3674 487 3734 orationes
512 3689 705 3755 contemptus,
720 3677 767 3738 vel
790 3675 854 3738 aliae
878 3675 1089 3736 circumstante

156 3765 278 3832 possunt
291 3751 429 3814 malitiam
443 3753 550 3816 addere
564 3757 724 3818 mortalem.
