2236 4084
429 181 610 226 ouromors.
962 165 1000 222 73

1 405 2 440 t
81 399 123 464 r.
142 403 194 463 sa.
241 401 300 462 or
322 401 529 473 rampone
552 365 959 464 aao1rrrnruoaus

395 481 651 577 cauomcas.

39 641 64 702 1.
90 601 442 718 orrrqaomirrrrrr.
456 639 540 702 roa
563 640 606 700 aa
620 639 701 715 mr,
719 637 920 780 semergar
961 637 1000 698 11.

100 720 190 796 Licet
203 722 297 780 dicere
319 719 503 786 Mamercum
515 720 640 798 praeced.
662 722 788 799 uespere.
861 719 885 780 1.
905 717 999 798 Prop.

98 801 253 858 damnosa
300 798 352 858 lv.
378 797 515 878 objectio·
551 799 588 858 V.
607 798 648 860 In
666 798 754 859 choro
780 809 834 858 rem
910 809 1000 858 stara

100 890 173 952 tum¹
182 878 261 938 debet
280 879 392 938 ser-omi
411 878 464 938 rub
484 880 581 956 prore
620 877 673 937 v1.
692 877 827 938 Ertroc
948 877 1001 938 sub

102 958 174 1020 levi·
223 957 293 1016 Vll.
317 955 501 1036 camajano
523 967 647 1032 remeat.
692 957 775 1016 VIII.
795 955 918 1018 Recitot
938 955 1002 1034 Ho-

102 1055 212 1097 ranem
225 1045 347 1116 teorpore
369 1037 471 1097 Misso
493 1036 685 1115 etimatiores.
724 1035 777 1098 IX.
796 1035 1002 1116 Dirpantara

96 1119 266 1196 μπᾶειιιία
280 1115 501 1178 Sacramentum
541 1137 546 1144 ’
909 1177 912 1182 ,

79 1261 109 1318 Ῑ.
131 1257 309 1321 TEMPUS
323 1257 467 1322 ‘recitandi
482 1257 580 1322 Horas
591 1259 754 1322 canonicas
768 1259 861 1320 currit
872 1275 891 1320 a
904 1259 1002 1322 media

42 1351 143 1409 nocte,
161 1339 193 1400 id
206 1339 253 1400 est
267 1339 285 1398 i
298 1337 472 1404 duodecima
485 1353 629 1404 nocturna
641 1339 679 1400 ed
706 1341 751 1398 la.
769 1350 941 1401 nocturnam
956 1359 1002 1400 se·

63 1432 211 1488 uentem3
231 1431 298 1498 post
315 1419 361 1478 12.
375 1420 492 1502 expirat
505 1419 645 1496 obligatio
666 1418 825 1498 praecepti:
846 1438 913 1478 nam
928 1439 1002 1478 onus

43 1442 118 1558 illud
133 1498 244 1560 transit
257 1518 326 1558 cum
341 1497 397 1568 dic,
413 1500 482 1577 quia
495 1509 612 1577 tempus
623 1498 835 1560 determinatur
848 1499 886 1558 ad
899 1497 1003 1558 finien-

42 1579 113 1717 ἔξω
128 1577 353 1736 ᾳὴξῇεὶίοηεηι,
367 1581 393 1638 dr
408 1577 546 1658 obligatio
560 1578 700 1658 praecepti
721 1577 878 1638 distributa
891 1589 937 1638 est
950 1599 1003 1658 per

63 1678 110 1717 rea
125 1678 174 1718 sm
228 1677 270 1716 os.
341 1689 345 1698 ·

84 1737 128 1796 11.
153 1738 213 1796 Per
227 1735 470 1798 consuetudinem
493 1733 656 1816 legitimam
680 1735 879 1798 introductum
894 1749 949 1806 est,
971 1749 1005 1797 ut

42 1817 137 1876 liceat
153 1816 339 1878 Matutinum
352 1821 378 1876 u
391 1815 509 1884 Laudes
524 1815 621 1880 officii
634 1816 786 1896 sequentis
806 1815 865 1876 diei
879 1817 1004 1878 recitare

42 1915 178 1974 vespere
192 1895 341 1964 anteriori,
366 1893 454 1974 idque
479 1897 516 1958 ab
528 1895 610 1962 'hora
631 1907 734 1976 quarta
747 1893 946 1974 pomeridiana
966 1913 1005 1956 ex

42 1974 202 2036 communi
227 1975 394 2036 sententiar
424 1975 483 2036 imo
510 1975 714 2036 circumfertur
742 1975 875 2054 quaedam
898 1973 1006 2036 tabella

43 2055 196 2124 Romana,
212 2052 243 2112 in
257 2073 315 2133 qua
328 2056 509 2126 conceditur,
524 2067 558 2114 ut
572 2055 755 2116 Matutinum
769 2054 899 2114 inchoari
913 2055 1005 2134 possit

42 2135 74 2193 in
89 2133 200 2195 ultima
214 2145 318 2212 quarta
330 2146 414 2226 parte
429 2135 488 2195 diei
507 2133 666 2196 artificialis
675 2137 764 2214 juxta
785 2153 873 2213 quam
886 2155 1005 2214 compu-

44 2214 194 2274 tationem
209 2212 239 2271 in
254 2213 359 2292 Belga>
372 2213 474 2275 licebit
487 2213 518 2274 in
532 2233 634 2274 mense
655 2213 737 2276 Junii
760 2213 890 2293 incipere
905 2213 1005 2274 Matu-

44 2295 146 2356 tinum
161 2304 231 2372 post
243 2293 346 2354 horam
360 2305 503 2373 quartam,
512 2293 632 2373 quiasol
642 2293 752 2356 occidit
761 2293 842 2354 circa
854 2305 987 2354 octavam
999 2319 1007 2362 ;

43 2374 73 2432 in
88 2373 210 2433 Martio
223 2376 251 2430 dr
267 2371 434 2452 Septembri
447 2385 514 2453 post
527 2373 629 2435 boram
640 2373 758 2434 tertiam
765 2372 1005 2452 pomeridianam,

43 2452 117 2513 crim
134 2451 181 2512 sol
196 2451 313 2514 occidat
325 2451 405 2514 circa
418 2465 542 2522 sextam,
557 2457 610 2513 &o

83 2531 147 2590 111.
169 2531 236 2592 Hic
248 2549 321 2593 cave
336 2532 423 2611 Prop.
436 2535 486 2592 35.
500 2532 577 2594 inter
598 2532 750 2598 damnum
771 2531 809 2592 ab
834 2530 923 2592 Alex,
937 2531 1006 2592 Vll.

45 2619 62 2647 “
75 2609 181 2671 Unico
198 2610 302 2671 Officio
315 2621 416 2704 potest
436 2611 501 2690 quis
524 2610 693 2674 satisfacere
717 2609 827 2690 duplici
848 2621 1006 2691 praecepto,

44 2711 98 2769 pro
113 2691 167 2750 die
182 2701 323 2768 praesentr
338 2695 363 2748 dr
376 2689 532 2751 crastino.''
937 2690 942 2702 ’

1 2817 2 2834 ,
84 2771 143 2828 lv.
159 2769 232 2848 Obj.
246 2769 315 2832 Non
325 2770 442 2836 ridetur
450 2771 515 2834 brec
523 2769 643 2838 licentis
650 2769 840 2838 cruciabilis,
855 2769 924 2862 quia
932 2770 1006 2830 reci-

2 2893 3 2904 ,
46 2863 113 2910 tans
129 2869 185 2909 ves
208 2847 250 2910 eri
264 2837 451 2910 Matutinum·
461 2849 542 2910 feriae
556 2850 693 2910 secunde
707 2849 828 2910 debebit
841 2849 940 2909 drcere
953 2847 1007 2908 fal-

45 2947 114 2990 sum
130 2928 161 2988 in
212 2947 320 3008 ymno:
341 2930 481 2992 “Somno
504 2929 625 2996 refectis
648 2931 779 3000 artubus,
803 2939 903 3009 spreto
916 2927 1006 2990 cubili

46 3029 96 3068 eur
120 3007 236 3075 imus?
258 3027 338 3088 ergo,
352 3013 405 3070 irc.
601 3015 614 3048 .·
759 3065 762 3072 .
908 3037 911 3040 ·

119 3089 188 3167 esp'.
209 3086 364 3166 Negando.
378 3101 438 3149 ant
452 3093 478 3148 δι
491 3089 573 3168 prob.
594 3107 662 3150 nam
686 3087 792 3148 similia
805 3087 894 3147 verba
915 3085 1006 3147 refer·

46 3181 138 3308 pnlppr
153 3167 196 3228 ad
209 3178 326 3246 tempus
340 3169 505 3247 legitimum
518 3169 766 3248 representative,
777 3173 803 3228 d
814 3167 856 3228 ita
868 3185 928 3227 non
938 3177 1007 3228 sunt

58 3267 76 3308 a
447 3259 451 3268 .
846 3263 850 3270 .

88 3327 128 3384 V.
151 3315 190 3385 In
213 3327 303 3388 choro
332 3325 451 3406 insuper
474 3326 597 3406 singulis
620 3327 768 3392 Horarum
793 3325 905 3388 Officiis
926 3339 1009 3389 certa

47 3407 204 3486 assignata
218 3418 441 3486 sunttempora,
457 3425 522 3486 quse
544 3409 698 3471 observare
720 3417 837 3486 oportet
858 3409 912 3467 sub
926 3407 1008 3485 gravi

44 3491 135 3563 juxta
165 3487 409 3548 consuetudinem
433 3487 566 3566 eJusdem
590 3485 751 3555 Eccleeiaer
779 3505 837 3548 non
859 3485 902 3552 ita
923 3496 1009 3545 extra

49 3567 179 3628 chorum
206 3566 238 3626 iu
264 3565 376 3645 privata
403 3565 596 3635 recitatione;
624 3565 676 3626 Vl.
698 3578 901 3628 verumtamen
923 3576 1008 3624 extra

50 3646 179 3705 chorum
192 3645 375 3725 reputabitur
389 3659 543 3725 peccatum
565 3645 688 3716 reniale,
713 3647 738 3706 si
763 3645 900 3706 Officium
915 3663 1008 3722 usque

52 3725 90 3782 ad
114 3724 250 3784 Primam
278 3725 419 3787 inclusive
440 3745 498 3786 non
523 3726 638 3788 dicatur
659 3737 729 3798 ante
750 3724 914 3792 meridiem,
929 3723 1008 3814 ¹quia

51 3805 448 3885 consuetudodroongruitas
459 3805 555 3868 Officii
563 3805 595 3894 id
605 3805 718 3885 erigite
740 3814 909 3870 accuratum
918 3801 992 3880 igrtu
