2244 4082
408 205 451 254 tm
471 209 615 256 strumo.
930 195 986 254 321
1098 202 1099 248 l

72 357 150 418 Haec
171 354 349 418 abstinentia
361 353 449 414 variis
472 353 607 415 modis&
624 353 762 434 gradibus
781 343 924 414 inactum
938 354 988 414 de-

31 438 102 498 duci
115 447 223 516 potest,
244 435 340 506 velut
362 434 546 495 abstineatur
567 436 605 495 ab
628 434 707 494 omni
730 433 807 515 cibe,
830 433 988 522 quomodo

30 517 171 578 Christus
185 515 328 576 abstinuit
340 515 380 573 40
394 514 498 574 diebus
513 515 624 574 Matth.
637 518 667 572 4.
680 513 728 573 vel
743 512 839 590 taulis
852 513 988 574 carnibus

28 609 83 657 aut
97 594 135 657 ab
150 596 206 656 alia
219 593 278 656 nbi
292 593 401 674 specie,
415 594 463 654 vel
477 594 640 674 apluribus
654 592 874 668 refectionibus,
888 598 941 654 &c

70 675 271 736 Abstinentioe
284 673 460 754 praecipium
473 685 558 734 actus
572 686 619 734 est
637 673 783 754 jejunium
797 673 835 732 de
848 691 907 752 quo
921 691 989 734 cum

30 758 62 817 S.
78 756 195 816 Thoma
207 757 236 812 2.
248 756 277 812 2.
291 773 319 833 q.
336 755 403 812 147.
416 772 538 832 agemus
552 753 583 812 in
597 773 659 832 seq.
757 785 760 792 ,

74 839 102 894 l.
123 835 173 896 De
183 832 296 918 jejunio
310 832 474 902 secundum
488 852 530 894 se.
570 833 661 892 Num.
674 834 743 892 254.

72 919 104 974 2.
124 912 174 975 De
187 923 339 993 praecepto
348 909 464 992 jejunii
503 911 593 971 Num.
607 915 666 971 255
680 917 706 970 a
719 913 788 971 256.

70 997 102 1054 3.
122 995 172 1054 De
187 993 319 1078 partibus
328 992 444 1071 jejunii.
484 991 575 1050 Num.
590 995 697 1067 252&
711 1011 774 1071 seq.

70 1079 102 1132 4.
124 1073 173 1133 De
187 1072 423 1133 collatiuncula'
445 1070 612 1140 Nummi.

70 1157 102 1212 5.
121 1153 250 1219 Quinam
264 1151 431 1230 obligentur
444 1149 482 1210 ad
491 1151 647 1230 jejunium.
685 1152 755 1210 270.
858 1179 864 1210 ι

70 1235 100 1291 6.
122 1233 172 1292 De
186 1231 283 1293 causis
297 1231 508 1304 excusantibus
523 1231 541 1290 a
549 1230 686 1312 jejunio.
713 1229 752 1288 N.
765 1231 845 1304 266..

72 1562 112 1621 N.
134 1563 202 1621 254.
236 1561 295 1623 DE
315 1559 492 1624 JEJUNIO
514 1561 705 1629 EJUSQUE
724 1561 952 1664 nwrslonm.

299 1719 335 1780 s.
353 1719 452 1781 mom.
465 1723 495 1782 a.
508 1723 538 1780 a.
550 1731 649 1802 quw.
666 1723 731 1780 147.

32 1863 54 1918 1.
76 1860 209 1921 mm
249 1859 454 1938 urbanarum
467 1863 561 1940 ntae.
601 1860 658 1921 111.
672 1845 796 1921 matre.
836 1861 889 1920 tv.
907 1863 996 1922 caan

92 1939 149 2000 sub
165 1949 310 2018 prompte
321 1941 405 2018 junii
427 1941 583 2000 marche.
622 1941 660 2000 V.
678 1941 830 2019 letaniam
852 1937 993 2002 naturale.

93 2020 150 2078 VI.
176 2019 271 2097 Oajtts
294 2019 567 2081 timueramus.
710 2033 713 2040 '

73 2181 100 2237 l.
122 2177 306 2238 POLMAN
320 2179 419 2258 plures
439 2179 520 2240 vocis
535 2179 642 2260 jeJ‘unli
663 2171 851 2260 acceptiones
864 2181 996 2260 explicat

36 2266 60 2317 8ι
75 2259 121 2320 ita
131 2255 238 2318 dividit
247 2259 431 2337 jejuniumin
446 2259 690 2340 philosophicum,
704 2259 888 2330 medicinale,
902 2261 995 2340 poeni·

33 2338 170 2409 tentiale,
184 2337 303 2407 morale,
318 2339 478 2418 spirituale,
490 2339 626 2400 naturale
639 2339 916 2416 &ecclesiasticum

73 2417 118 2476 Π.
134 2417 315 2496 “ieiunium
330 2417 509 2498 spirituale,”
523 2437 577 2479 scu
598 2418 833 2497 metaphoricum
847 2431 894 2496 est
907 2421 984 2496 absti

33 2517 108 2558 nere
124 2496 297 2576 apeccat'is.
339 2499 368 2558 S.
383 2500 454 2638 iffi
478 2497 578 2558 Tract.
592 2499 637 2556 17.
650 2497 681 2556 in
693 2498 779 2558 Jctn.
857 2507 860 2516 ’

72 2577 135 2636 ΙΙΙ.
159 2577 339 2656 “ieiunium
359 2597 389 2636 m
451 2576 485 2638 e”
507 2587 554 2638 est
575 2588 664 2657 potus
687 2576 805 2656 cibique
817 2579 997 2640 abstinentia

30 2663 125 2735 juxta
148 2657 270 2717 rationis
284 2658 425 2718 naturalis
438 2657 588 2718 dictamen
601 2657 641 2718 ad
653 2656 741 2716 linem
755 2657 905 2725 moralem,
928 2679 955 2716 v.
969 2679 997 2735 g.

34 2737 73 2796 ad
104 2737 377 2816 concupiscentiam
404 2737 628 2798 refraenandum.
677 2737 730 2796 1v.
758 2734 826 2796 Hoc
848 2737 996 2832 jejunium

33 2827 139 2893 potest
149 2819 217 2895 jure
231 2818 356 2877 naturali
371 2817 501 2896 obligare
515 2833 732 2896 quemcumque
744 2816 834 2876 etiam
850 2817 997 2878 infidelem

35 2915 90 2974 per
106 2916 140 2955 se
155 2896 184 2954 vi
199 2897 342 2974 proeccpti
358 2897 572 2975 temperantiae,
595 2897 644 2958 vel
657 2913 710 2976 per
723 2895 862 2955 accidens
884 2897 999 2958 ratione

34 2975 161 3034 alterius
181 2975 319 3034 virtutis:
344 2976 419 3036 ratio
433 2976 511 3036 enim
525 2975 666 3036 naturalis
691 2973 793 3044 dictat,
814 2973 896 3054 qubd
909 2995 1000 3036 unus-

34 3056 164 3134 quisque
185 3055 275 3115 debet
292 3055 336 3114 uti
350 3056 481 3116 remedio
495 3074 625 3135 congruo
646 3055 685 3114 ed
702 3054 871 3138 evitandum
894 3075 1000 3134 pecca-

36 3148 124 3204 ωιτη
148 3135 206 3194 hnc
220 3145 321 3194 autem
335 3135 500 3198 remedium
521 3135 639 3194 obvium
654 3133 760 3194 crebri
774 3146 821 3194 cst
835 3135 998 3213 jejunium:

35 3225 200 3293 propterea
213 3213 287 3274 dicit
302 3214 332 3273 S.
346 3215 451 3273 Thom.
463 3234 491 3274 a.
504 3215 534 3272 3.
548 3214 628 3292 quid
636 3214 784 3293 jejunium
798 3214 828 3273 in
852 3217 1001 3274 communi

35 3295 130 3355 cadat
143 3295 201 3354 sub
212 3305 362 3372 praecepto
376 3293 447 3353 'uris
455 3293 606 3353 naturalis.

76 3373 226 3452 Theologi
240 3313 389 3454 praecipub
402 3374 453 3434 hic
466 3385 558 3452 agunt
572 3373 610 3432 de
619 3372 741 3452 jejunio,
757 3373 835 3452 quud
848 3373 930 3433 cadit
949 3376 1002 3434 snb

36 3461 193 3532 praecepto
207 3453 361 3523 Ecclesiae,
375 3457 401 3512 e
414 3453 488 3512 illud
501 3453 637 3512 dividunt
647 3453 676 3511 in
684 3453 830 3534 jejunium
841 3461 860 3492 ‘⁴
869 3455 1002 3512 naturale

36 3543 54 3570 “
64 3539 93 3591 ἃ
109 3530 373 3592 ecclesiasticum.”

78 3610 121 3668 V.
136 3609 216 3674 Quid
232 3621 279 3670 est
288 3612 433 3690 jejunium
451 3611 609 3672 naturale?

79 3690 123 3748 R.
144 3689 202 3748 Est
225 3689 403 3752 abstinentia
415 3694 453 3753 ab
467 3691 546 3751 omni
565 3690 631 3752 cibo
650 3695 675 3749 ἃ
690 3701 764 3768 potu
776 3689 807 3748 in
820 3693 1003 3750 stomachum

36 3767 225 3839 transmisso,
233 3769 296 3829 sive
304 3771 342 3829 ab
350 3771 438 3841 omni,
450 3769 530 3850 quod
539 3769 664 3830 sumitur
674 3787 727 3850 per
738 3769 857 3832 modum
871 3767 939 3841 cibi,
954 3789 990 3830 au

31 3852 134 3926 potira
147 3859 199 3910 aut
212 3848 367 3910 medicine
378 3849 501 3912 amcdia
514 3862 611 3911 nocte.
