2244 4082
367 137 411 180 na
430 137 641 198 ocanturrrs.
917 121 977 180 803
1106 123 1107 140 ¹

67 280 115 340 An
130 277 279 358 Superiori
291 278 421 340 humano
434 278 632 340 obediendum
646 287 694 340 est
707 276 738 338 in
751 277 885 340 omuibus
896 281 910 339 i

65 359 101 498 Vd.
121 359 158 498 11ἦ
172 359 203 418 S.
217 359 273 418 Th.
286 370 343 419 art.
352 359 382 419 5.
405 357 563 438 negative3
584 353 674 437 idque
692 358 865 438 contingere
879 371 979 439 potest

33 457 68 500 cx
100 457 137 498 uo
158 457 207 498 us:
445 473 448 483 ·
642 472 653 488 =-
877 491 882 498 .

68 517 118 576 VI.
139 515 239 578 Prinrd
253 507 351 587 exeo,
374 511 457 610 quod
468 509 526 577 iste
541 515 681 610 Superior
687 515 846 610 praecipiat
865 517 978 598 aliquid

33 596 978 756 ttuffiilutttittttitt‘tttrtilitati&
1059 667 1061 677 ’

35 755 370 825 Ecclesiae;mi1esnon
393 755 483 816 debet
498 753 607 836 exequi
628 753 801 820 rumdetuur
824 755 981 835 capitanei

33 846 130 896 contra
142 847 326 928 praeceptum
339 833 438 896 Ducis
453 833 612 896 exercitus.
726 892 731 918 Ι,
855 871 859 878 -

67 913 220 981 Quomodo
243 913 363 975 interim
385 913 416 972 in
440 913 529 975 dubio
549 914 656 994 aequali
678 913 718 976 sit
741 915 835 976 tutius
858 915 979 976 obedire

34 993 180 1072 Superiori
202 993 348 1054 instanter
370 991 571 1074 precipientt
587 993 754 1074 explicatur
772 994 803 1056 in
827 994 927 1056 Tract.
941 996 979 1056 de

34 1072 219 1134 Conscientia
235 1075 275 1132 1⁸.
288 1076 334 1132 2².
415 1120 419 1130 ,
516 1101 519 1108 =

67 1151 215 1214 Observat
229 1153 260 1214 S.
274 1150 382 1213 Thom.
392 1163 449 1215 art
461 1153 490 1210 8.
503 1151 542 1213 ad
554 1152 784 1237 &quantumvis
799 1153 836 1214 ob
846 1151 979 1234 'precep-

34 1245 90 1296 tum
105 1231 271 1312 Superioris
283 1252 344 1293 nun
366 1249 433 1295 uam
446 1231 536 1294 liceat
549 1231 648 1292 facere
662 1232 780 1304 molum,
804 1233 979 1312 quandoque

34 1323 127 1372 tamen
149 1322 271 1405 propter
294 1253 368 1390 iilud
389 1314 526 1374 tenedtur
540 1311 606 1390 quis
629 1309 857 1391 pretermittere
869 1309 979 1374 bonum

34 1410 310 1461 uouuecessarrum.
490 1439 493 1446 .
513 1440 517 1450 ,

67 1469 135 1530 VII.
148 1469 303 1532 Secundus
312 1465 398 1535 casus
411 1467 566 1548 contingit,
581 1469 699 1549 quando
713 1469 852 1549 Superior
860 1471 980 1551 aliquid,

34 1549 217 1628 quantumuis
227 1551 348 1628 *bonurn
369 1548 505 1630 praecipit
517 1549 699 1622 innueris,
721 1549 752 1608 in
766 1569 825 1630 qua
837 1551 913 1612 alter
926 1551 982 1630 ipsi

33 1649 86 1689 non
95 1629 260 1723 subditum·
278 1629 349 1690 hinc
362 1648 422 1692 uon
436 1639 673 1722 teneturservus
693 1627 819 1700 dominc,
828 1649 890 1691 uec
903 1629 980 1692 filius

32 1719 104 1848 rr
117 1706 980 1870 causatuclarueratque}

34 1867 115 1927 homo
128 1867 242 1927 homini
250 1865 370 1928 obedire
382 1885 442 1926 non
452 1877 581 1938 tenetur,
596 1867 665 1950 quia
675 1878 745 1928 suut
753 1869 859 1930 uaturi
869 1869 979 1950 pares.'’

66 1946 102 2005 In
116 1945 225 2026 quibus
238 1965 309 2026 ergo
323 1945 414 2008 debet
426 1945 546 2024 inferior
559 1945 679 2010 obedire
690 1946 861 2026 Superiori?
885 2003 889 2018 ,

68 2025 156 2086 vm.
170 2027 208 2086 lt.
222 2025 281 2086 Per
294 2044 327 2086 se
341 2023 438 2108 inhia,
453 2025 680 2119 quaepertineut
689 2026 728 2092 ad
740 2025 884 2110 rationem
893 2047 979 2107 supe-

35 2103 173 2165 rioritatis
186 2107 270 2184 ejus:
285 2103 329 2165 sic
340 2103 427 2166 miles
441 2105 510 2171 duci
522 2125 554 2170 ut
566 2105 689 2177 bellicis,
703 2126 805 2172 servus
819 2105 937 2170 doruino
951 2107 981 2170 in

35 2183 199 2276 serribbua¹
208 2184 286 2262 filius
294 2181 372 2264 patri
384 2182 416 2277 in
428 2184 486 2264 his,
500 2205 565 2326 (1858
556 2178 731 2324 Ίὶῗὲῐίιιειιῇι
738 2185 782 2278 'ad
796 2183 979 2266 disciplinam
1106 2239 1107 2244 ,

35 2263 471 2329 ornacuramoomesucanc
534 2306 542 2324 .
625 2275 681 2326 art
694 2266 724 2324 5.
737 2285 767 2324 nr
781 2285 807 2326 c.

67 2343 121 2404 IX.
138 2343 206 2423 Obj.
220 2343 273 2408 Ad
287 2343 494 2428 (101.3.ν.22.
514 2343 641 2427 legiturr
655 2343 768 2407 “Servi
782 2345 901 2408 obedite
924 2365 977 2424 per
1053 2397 1056 2403 .

35 2422 143 2517 omnia
164 2421 290 2484 dominis
301 2421 327 2481 =”
365 2443 437 2504 ergo
473 2421 505 2486 in
531 2423 665 2486 omuibus
697 2423 898 2498 obediendum
935 2436 982 2488 est

36 2501 321 2644 doliilld'commode
331 2579 426 2660 accipi
435 2579 525 2644 debet
535 2581 740 2722 restringendo
749 2582 788 2642 ad
797 2582 903 2654 omnia,
918 2603 983 2663 quse

35 2661 185 2739 pertinent
197 2661 236 2722 ad
248 2663 394 2722 rationem
408 2661 620 2741 superioritatis
655 2662 825 2722 omiuorum.

72 2741 108 2799 X
132 2741 250 2821 Sylvius
263 2741 314 2802 hic
328 2740 358 2800 in
372 2761 401 2820 q.
426 2743 492 2800 104,
510 2752 566 2802 art
588 2743 617 2800 5.
631 2739 766 2812 sustinet,
788 2739 869 2822 qudd
882 2761 983 2803 omnes

37 2819 309 2904 Monialespossiut
331 2839 385 2900 per
399 2819 596 2882 obedientiam
619 2819 686 2902 cogi
709 2821 747 2882 ad
769 2821 984 2883 observantiam

37 2899 186 2971 clausurae,
201 2899 333 2980 quamvis
347 2919 413 2964 eam
427 2898 540 2960 directe
554 2919 613 2960 nou
626 2901 768 2962 voverint.
804 2901 880 2961 Vide
894 2901 982 2962 etiarn

36 2979 161 3040 llilluart
174 2971 195 3040 t.
208 2981 238 3040 5.
252 2980 322 3040 diss.
335 2979 364 3039 2.
375 2991 430 3040 art.
443 2981 473 3038 2.
486 2999 514 3058 p.
529 2981 577 3038 18.
627 2991 630 2998 ‘

72 3057 128 3118 XL
143 3059 231 3130 Nota,
246 3057 516 3138 qubdproeceptum
526 3057 632 3120 vellex
648 3059 812 3140 Superioris
822 3059 984 3126 constituat

37 3148 135 3202 actum
148 3150 331 3218 praeceptum
345 3137 375 3200 in
388 3137 520 3210 bonitate
534 3137 619 3200 istius
632 3139 759 3210 virtutis,
774 3160 814 3200 ex
827 3141 912 3218 cujus
923 3160 984 3199 mo-

40 3217 96 3310 tivo
108 3218 224 3312 formali
234 3217 413 3312 praecipitur,
424 3217 557 3298 adeoque
569 3219 761 3298 transgressio
770 3218 904 3300 ejusdem
911 3219 986 3305 legis

40 3309 75 3355 srt
89 3310 193 3360 contra
206 3310 293 3360 istam
306 3307 456 3360 virtutem.

350 3569 541 3628 ’2ο
