2246 4096
155 203 210 270 178
488 224 533 266 na
550 223 760 269 obsessuro.
811 186 815 204 ’

187 368 308 433 Quanta
320 376 367 426 est
379 365 520 444 obligatio
529 365 712 444 juramenti?

186 447 228 539 ΙΙ.
248 446 309 538 ΕεῑΙ
317 445 413 538 grayis
427 445 458 504 in
470 446 603 539 ,materia
615 445 693 506 illius
707 443 818 538 capaci,
838 441 881 504 ita
898 454 933 504 ut
946 461 1089 539 nunquam

145 537 238 606 possit
247 525 312 586 fierr
325 525 398 584 levis
419 545 458 586 ex
472 536 616 604 parvitate
629 535 769 595 materia,
791 534 825 586 ut
838 524 1007 602 probabitur
1023 527 1091 590 mira

49 637 53 648 v
149 625 229 666 num.
246 607 311 664 162.

186 684 242 746 111.
263 683 350 754 Nota,
365 682 447 762 qudd
460 703 499 744 en
509 687 678 762 juramento
688 681 874 762 promissorio
885 703 938 762 per
948 703 980 744 se
990 697 1090 758 stante,

146 785 207 844 quo
220 763 335 826 sedicet
355 763 481 842 simplex
494 763 532 827 de
545 763 645 824 firturo
658 762 781 824 assertio
794 761 856 822 sive
871 762 980 826 veritas
994 763 1091 824 confir·

148 855 255 915 matur,
269 842 332 904 sine
346 843 405 904 ullo
419 843 475 904 alio
488 853 577 922 pacto
589 843 637 912 vel
650 841 836 920 obligatione,
850 841 960 904 oriatur
970 843 1033 918 sola
1049 846 1092 904 ob·

145 922 249 1002 ligatio
261 922 379 982 virtutis
402 921 565 1001 Religionis
589 933 727 1000 respectu
748 921 816 992 Dei,
838 941 896 982 non
919 923 1037 1002 proprie
1049 944 1089 984 re·

147 1013 253 1082 spectu
266 1001 401 1062 hominis.
525 1013 528 1020 ’

187 1083 240 1142 IV.
262 1081 294 1142 Si
307 1092 407 1142 autem
416 1083 618 1159 juramentum
631 1081 671 1142 sit
685 1079 890 1150 accessorium,
912 1101 971 1160 quo
984 1079 1093 1144 scilioet

147 1160 334 1222 confirmatur
356 1159 437 1220 aliud
458 1161 588 1230 validum
611 1171 739 1240 paetum,
764 1171 933 1224 contractus
956 1159 1004 1220 vel
1027 1161 1093 1221 obli-

145 1238 1095 1398 isinomnsensissemuu

184 1399 221 1458 V.
241 1420 270 1478 g.
286 1340 488 1479 jdramenturn
515 1417 568 1478 per
594 1410 744 1468 sestans,
766 1398 854 1458 dandi
881 1399 1094 1478 eleimosynam

145 1477 297 1539 liberalem
320 1478 435 1540 inducit
458 1497 547 1538 unam
560 1478 767 1556 obligationem
788 1477 959 1556 Religionis,
973 1483 999 1536 dt
1015 1478 1094 1538 omit·

145 1570 212 1620 tens
225 1558 297 1618 facit
311 1578 402 1620 unum
418 1569 583 1636 peccatum,
604 1557 719 1620 scilicet
739 1569 842 1620 contra
864 1557 1029 1636 Religionis
1043 1558 1094 1616 vir·

75 1655 79 1668 ¹
146 1649 250 1698 tutem·

138 1775 141 1782 ,
184 1716 220 1776 V.
242 1717 274 1776 Si
293 1715 365 1778 verd
388 1717 454 1796 quis
474 1717 627 1796 promittat
648 1717 865 1796 eleemosynam
886 1715 976 1776 Petro
992 1736 1095 1796 accep·

145 1796 230 1866 tanti,
251 1796 517 1874 &promissionem
531 1797 629 1862 &met
647 1799 824 1875 juramento,
845 1795 901 1856 iste
920 1795 1012 1856 habet
1027 1795 1095 1856 duas

146 1875 347 1956 obligationes,
358 1881 384 1936 dt
394 1875 559 1942 omittendo
567 1887 673 1954 peccat
687 1874 844 1953 dupliciter
855 1899 864 1944 ς
876 1875 971 1953 primd
984 1875 1096 1938 ratione

140 1955 301 2034 juramenti
315 1954 414 2015 violati
429 1967 531 2016 contra
545 1955 739 2033 Religionem,
761 1959 786 2013 dl
804 1953 918 2014 ratione
952 1954 1096 2032 romissio

142 2035 189 2096 nis
203 2034 307 2094 validae
320 2055 379 2098 non
393 2036 555 2096 observatae
568 2046 671 2096 contra
680 2033 827 2114 justitiam
840 2033 888 2094 vel
901 2034 920 2092 fi
943 2033 1085 2094 elitatem.

184 2115 234 2173 An
257 2117 350 2193 major
374 2113 414 2173 sit
433 2114 572 2193 obligatio
586 2113 756 2192 juramenti,
782 2111 868 2191 quam
888 2113 958 2183 voti,
980 2126 1095 2174 contro·

143 2193 277 2262 vertitur.
292 2213 382 2272 super
395 2213 453 2272 quo
466 2193 599 2256 curiosus
612 2193 737 2256 accedat
751 2191 957 2254 Scholasticos.
1029 2195 1034 2215 ¹

144 2266 151 2276 ’
183 2273 237 2332 Vl.
258 2272 356 2333 Nota:
377 2273 446 2336 com
456 2275 658 2365 juramentum
673 2292 726 2351 per
740 2292 772 2334 se
786 2283 866 2330 stans
880 2271 988 2332 habeat
1006 2271 1095 2332 solam

143 2351 351 2431 obligationem
366 2351 529 2431 Religionis
547 2363 686 2430 respectu
708 2352 777 2422 Dei,
802 2351 871 2411 binc
892 2363 946 2421 est,
962 2351 1046 2430 qndd
1060 2371 1095 2410 ex

143 2453 178 2492 eo
193 2433 254 2492 solo
268 2451 326 2492 non
341 2432 428 2492 detur
441 2432 519 2492 actio
537 2430 566 2489 in
587 2431 650 2491 foro
671 2444 795 2492 externo
815 2441 918 2490 contra
936 2434 1096 2510 jurantem,

142 2509 199 2571 nisi
214 2511 290 2571 forte
306 2511 445 2589 Superior
463 2521 533 2590 agat
547 2521 687 2590 tanquam
700 2513 798 2581 Pater,
812 2510 864 2588 qui
878 2521 977 2588 potest
987 2530 1096 2588 cogere

144 2591 285 2728 sullsditos,
311 2601 345 2650 ut
366 2591 508 2670 impleant
530 2589 723 2670 obligationes
745 2589 775 2650 in
797 2589 977 2660 conscientia
1001 2591 1097 2656 solbm

146 2673 182 2734 ob
195 2670 319 2748 igantes.

142 2869 180 2927 N.
212 2869 277 2928 148.
338 2866 397 2928 DE
426 2867 716 2928 OBLIGATIONE
746 2867 802 2926 EX
832 2866 1097 2929 JURAMENTO

313 2963 317 2969 ·
510 2945 730 3008 ALTERIUS.

140 3127 164 3186 1.
185 3125 267 3186 Ursas
274 3125 397 3206 proprie*
409 3144 468 3184 non
481 3123 625 3202 obligatur
638 3123 809 3185 Joramenro
818 3123 945 3184 nimrim.
984 3123 1027 3184 ΙΙ.
1045 3125 1100 3186 Sic

199 3205 337 3265 Heredes
359 3224 417 3264 non
430 3203 602 3282 obligantur,
626 3205 686 3264 nisi
697 3205 760 3264 olio
773 3205 890 3264 accedat
910 3203 995 3280 odliq.
1039 3205 1099 3263 III.

204 3285 330 3357 Quando
343 3283 624 3361 Procuratorjumt,
642 3284 820 3362 principalis
833 3283 917 3360 oblip.
957 3283 1010 3341 IV.
1039 3284 1100 3344 Co·

193 3364 282 3442 pinel.
289 3373 385 3444 potent
383 3365 499 3442 jurare.
513 3363 549 3430 V.
563 3361 680 3424 Juram.
699 3361 843 3424 Civitatis.
871 3363 922 3422 VI.
942 3364 1103 3440 Qnijurot

196 3442 344 3522 Episcopo
356 3443 491 3504 stadam.
504 3441 648 3520 obligatur
664 3445 824 3504 maecessori.

125 3679 128 3688 ,
179 3624 203 3682 1.
218 3621 332 3683 UNUS
346 3622 463 3700 proprie
474 3641 532 3686 non
541 3591 686 3701 obligatur
691 3625 860 3701 juramento
870 3621 1009 3691 alterium
1023 3623 1103 3702 quia

136 3702 428 3846 pppszp'lpppsmentum
442 3713 489 3764 est
501 3702 579 3764 actio
598 3701 767 3782 personalis,
792 3702 880 3764 itaet
894 3701 1035 3780 obligatio
1051 3713 1102 3764 est

178 3861 259 3922 Hinc
270 3859 391 3922 deducit
406 3861 436 3922 S.
460 3860 516 3920 Th.
529 3862 599 3924 2-2.
624 3881 653 3942 q.
666 3862 713 3924 98.
727 3873 783 3924 art.
797 3864 826 3922 2.
840 3861 878 3924 ad
895 3867 924 3922 4.
937 3860 1017 3942 qudd
1033 3861 1101 3956 illes
