2254 4072
148 159 208 218 466
567 175 677 218 ιιιιιιιι,

149 255 230 299 uuis.
1045 255 1120 302 rso*

146 320 187 378 42
209 315 285 378 'ires
298 333 395 376 ossum
408 327 587 378 excusantes
601 315 761 380 ilectione
775 317 933 390 Horarum,
1077 323 1108 380 56

207 395 492 467 Excommunicatio‚
506 401 558 457 &c
572 417 631 457 non
646 409 781 469 acutat,
1077 403 1108 460 51

146 478 187 536 46
207 474 288 542 Quid
301 475 341 536 sit
353 475 480 536 recitare
494 475 593 536 Horas
614 477 790 538 “devoted
804 478 1005 549 studiosess'.

208 554 334 616 Oratio'
326 575 357 614 ιιι
371 555 496 648 Templo
509 567 558 616 est
570 556 678 626 utilior,
1011 481 1111 620 ”bi

146 639 186 694 44
207 633 356 774 hoeffl·
351 635 511 714 requiritur
524 635 654 696 formalis
663 636 712 696 sel
725 635 859 698 virtualis
860 604 1038 718 ,implicita

266 735 280 773 s
330 713 441 784 cit.
1076 721 1111 778 58

145 795 185 853 45
206 793 349 854 Attentio
362 804 410 854 est
423 793 533 874 triplex
545 814 585 854 ex
598 805 683 874 parte
697 759 835 875 subjecti,
1076 802 1110 857 54

144 875 184 932 46
206 873 263 934 Est
277 871 371 966 etiarn
380 873 491 952 trrplex
504 894 543 934 ex
557 886 641 953 parte
655 875 773 954 objecti,
1076 881 1109 936 55

205 951 1011 1027 AttentiosdverbairadDeumnccessarisest,..
1018 960 1108 1019 ,57

144 1035 183 1092 47
205 1031 369 1094 Distractio
393 1031 482 1111 pieni
504 1033 668 1094 voluntaria
692 1034 770 1094 tollit
784 1033 941 1096 essentiam
957 1053 1032 1095 ora·

264 1111 362 1181 tionis,
715 1157 736 1174 ..
1072 1116 1107 1177 ib.

204 1190 311 1254 Non'
288 1211 331 1252 sic
345 1190 498 1252 distractio
512 1189 716 1262 involuntaria,
1072 1197 1107 1256 ib.

204 1272 254 1332 An
276 1270 431 1332 distractio
452 1271 617 1332 voluntaria
632 1271 758 1352 impedit
771 1272 899 1334 valorem
921 1293 1030 1335 sams-

261 1349 365 1419 menti,
1072 1355 1107 1414 ib.

141 1431 181 1489 48
201 1391 366 1490 Distrsctid
379 1427 526 1491 indirecte
539 1397 926 1526 voluntarisdiultipliciter,
1070 1437 1107 1492 58

142 1510 183 1568 49
203 1508 368 1570 Distractio
391 1509 526 1588 perfecti
549 1510 744 1571 voluntaria
736 1531 767 1570 ιιι
789 1511 912 1572 materis
934 1513 1025 1592 gravi

262 1589 412 1649 Horarum
427 1589 501 1650 Can.
513 1593 563 1650 est
574 1599 732 1684 peccatum
745 1591 1019 1661 mortale,
1069 1597 1106 1652 66

201 1667 365 1814 Disffictro
388 1668 564 1748 imperfecte
588 1669 753 1780 voluntario
769 1671 926 1731 excusata
939 1691 1024 1732 mor-

140 1829 181 1890 50
201 1825 250 1888 De
266 1827 450 1907 Syncopa,
426 1847 489 1888 srre
502 1827 688 1888 mutilatione
702 1830 878 1900 verborum,
1066 1833 1105 1892 ib.

200 1906 355 1972 Quomodo
369 1907 497 1968 recitans
512 1908 611 1967 Horas
625 1909 734 1970 debeat
747 1927 879 2002 seipsum
887 1909 1005 1981 audire
1065 1910 1103 1971 ib.

71 1993 78 2007 '
202 1985 350 2047 Defectus
364 1997 443 2057 sunt,
457 1987 549 2046 nimia
562 1987 699 2048 celeritas
712 1987 842 2050 &nimia
855 1989 990 2059 tarditas,
1066 1993 1105 2050 62

139 2067 178 2126 51
202 2063 383 2144 interruptio
410 2066 559 2126 morolis'
551 2087 580 2126 nr
603 2068 708 2128 eadem
732 2068 816 2128 Hora
840 2069 911 2129 Can.
934 2069 1102 2208 iacit,63

258 2155 345 2205 extra
359 2145 491 2216 chorum,
505 2149 663 2224 peccatum
676 2147 781 2208 ssitem
795 2147 919 2218 verusio,

140 2227 180 2284 52
201 2223 352 2304 obligatio
379 2226 434 2285 sub
461 2225 578 2295 venisli,
604 2226 751 2288 recitandi
778 2227 960 2290 Matutinunr
977 2153 1082 2288 66

258 2303 377 2364 Laudes
390 2315 461 2364 ante
476 2305 611 2376 Missam,
1004 2311 1102 2370 ,64

140 2386 179 2444 58
200 2383 333 2444 inversio
356 2383 506 2444 Horarum
520 2385 593 2468 Can.
606 2397 694 2446 extra
706 2385 838 2457 chorum,
853 2397 901 2447 est
913 2353 1016 2448 defed-

258 2474 307 2522 tus
320 2463 452 2534 venialis,
466 2463 530 2524 sine
545 2461 644 2535 causa,
1001 2471 1097 2528 ,65

199 2542 332 2604 Inversio
346 2543 474 2622 partium
488 2544 620 2622 ejusdem
634 2545 726 2605 iioroe
740 2544 840 2624 Magis
854 2546 1009 2617 obest,
1027 2548 1099 2608 .ib.

199 2621 339 2684 Recitsre
355 2622 560 2715 Officiumpro
574 2623 688 2693 Officio,
703 2624 856 2694 nonlicet,
1054 2627 1097 2687 ib.

138 2705 177 2762 54
199 2701 420 2762 Recitanscum
434 2702 514 2762 socio
527 2702 619 2764 debet
631 2704 736 2764 audire
749 2705 840 2764 verba
852 2704 984 2775 socii‚.
1002 2710 1096 2767 6.6

198 2780 302 2842 Socios
315 2781 406 2840 debet
419 2781 521 2874 legere
533 2801 586 2860 per
599 2783 719 2843 modum
733 2782 883 2854 orationis,
1055 2786 1094 2846 ib.

198 2859 300 2922 Debet
323 2859 459 2922 recitatio
479 2861 552 2931 fieri,
567 2863 632 2922 sine
653 2862 901 3003 supplantatione,
923 2863 1013 2925 elter-

236 2938 357 3009 natiso,
1052 2945 1093 3004 ib.

136 3021 176 3078 55
198 3018 295 3080 Recte
306 3018 442 3080 Officium
458 3019 600 3079 Divinum
610 3021 646 3081 rit
658 3041 725 3082 curn
740 3032 839 3091 cantu,
1001 3027 1092 3084 ,68

136 3101 176 3158 56
198 3097 339 3160 Canonici
347 3098 568 3191 obliganturad
581 3101 782 3162 cantandum
774 3121 804 3159 ur
819 3101 918 3171 choro,
1051 3104 1092 3164 ib.

136 3181 174 3237 57
197 3177 428 3238 Distributiones
450 3179 628 3258 quotidianae
650 3199 704 3260 pro
725 3181 922 3260 presentibus
942 3199 1011 3241 can-

255 3257 451 3328 ιιιιιιίιιιι8,.,,
997 3267 1090 3322 ,76

198 3337 440 3430 Exceptionesst
432 3357 462 3396 sn
487 3338 593 3418 quibus
612 3305 752 3402 absentes
766 3339 897 3422 gaudent
911 3339 1011 3400 distri·

254 3415 434 3487 butionibus,
996 3425 1085 3482 ,71

198 3496 327 3556 Cantans
349 3516 417 3556 cum
438 3497 602 3558 voluntaria
620 3497 812 3561 distractione
825 3517 884 3560 non
898 3465 1011 3580 gaudet

255 3575 520 3646 distributionibus,
1049 3581 1088 3642 ib.

135 3657 174 3716 58
196 3655 327 3738 Tempus
340 3654 486 3717 recitandi
500 3656 599 3718 Horas
609 3659 725 3724 Can...
777 3689 780 3703 =
997 3664 1088 3720 ,73
