2244 4088
141 185 180 242 56
535 198 577 244 rur
598 201 694 252 notus

142 361 211 402 nam
226 342 317 402 oratio
332 353 378 402 est
401 339 508 404 mentis
521 343 552 404 in
566 340 665 406 Deum
679 341 822 413 elevatio;
842 343 907 404 haro
920 355 1015 404 autem
1027 343 1082 403 fleri

144 422 235 482 debet
248 441 302 502 per
315 422 515 500 attentionem·
531 424 639 484 mentis
652 423 691 484 ad
705 421 814 484 Deum,
853 423 937 498 Idem
958 425 1084 504 probatur

146 521 185 561 ex
201 501 312 560 Christi
327 503 447 580 querela
460 501 571 562 Matth.
587 503 633 560 15.
654 511 672 540 “
683 498 812 584 Populus
823 503 874 562 lrio
885 501 969 564 labiis
982 523 1027 562 me
1039 503 1084 562 ho·

128 593 237 650 norat,
259 597 309 640 cor
330 593 430 642 autem
458 601 558 642 eorum
585 581 672 662 longe
686 579 732 642 est
745 582 763 642 d
775 578 857 643 niel'
886 581 1024 660 Denique
1034 581 1085 642 Ec·-

146 659 236 724 clesia
249 659 382 740 praecipit
396 671 430 720 ut
444 661 550 722 devote
563 661 705 722 recitetur
719 659 855 722 Officium
866 659 1016 736 Divinum.

185 737 222 799 V.
238 738 326 806 Quod
336 741 501 820 requiratur
511 741 600 802 etiam
610 741 706 820 aliqua
716 741 840 802 attentio
851 740 889 802 ad
898 743 995 810 verba,
1009 741 1087 801 docet

145 819 307 880 communis
317 821 471 892 sententia,
486 821 555 900 quia
568 821 631 881 sine
645 821 694 882 illa
701 821 835 882 recitatio
845 839 903 880 non
916 821 992 881 foret
1005 821 1087 882 oratio

60 948 63 954 s
147 900 266 959 vocalis.

187 980 241 1058 VI.
263 979 350 1044 Quod
365 976 455 1058 aliqui
468 979 518 1040 hio
531 981 655 1050 docent,
668 975 861 1042 attentionem
874 991 1025 1040 extemam
1038 979 1089 1038 suf·

146 1059 236 1118 ficere
250 1061 360 1138 absque
379 1059 541 1119 attentione
554 1057 677 1128 interna,
702 1057 816 1120 erudite
829 1059 940 1118 refutat
963 1059 1024 1138 ipse
1037 1058 1089 1116 Bu·

148 1139 260 1198 senbau
277 1137 327 1218 (ut
341 1138 440 1218 inepte
454 1137 504 1198 hic
518 1138 563 1198 La
578 1137 666 1199 Croix
680 1133 730 1199 lib.
751 1143 780 1198 4.
794 1159 824 1196 n.
840 1139 925 1197 1341.
947 1139 1064 1198 recedat
1076 1137 1090 1194 a

142 1221 202 1276 'suo
213 1217 344 1277 Doctore
356 1217 557 1296 contradicens
568 1217 622 1278 sibi
636 1214 727 1298 lpsl):
741 1219 815 1282 ratio
829 1219 877 1278 e'st
890 1215 969 1314 quod
978 1217 1091 1278 attentio
1103 1239 1104 1250 ¹

149 1309 273 1358 externa
283 1297 424 1356 destituta
434 1297 597 1357 attentione
605 1299 721 1358 interna
733 1297 840 1361 nonsit
853 1317 913 1357 verr
924 1297 1045 1356 nominis
1054 1309 1091 1356 at·

149 1377 253 1445 tentio,
268 1377 337 1436 cum
351 1377 475 1436 attentio
484 1374 678 1437 essentialiter
692 1377 730 1437 sit
743 1375 826 1438 actua
840 1373 1017 1446 intellectus,
1032 1396 1092 1453 ergo

150 1457 291 1514 internus.
332 1456 381 1516 De
394 1456 450 1516 hac
463 1476 496 1516 re
520 1457 646 1516 latisime
662 1457 798 1517 discurrit
812 1457 935 1516 Billuart
949 1469 971 1516 t.
993 1463 1021 1515 4.
1034 1475 1092 1535 pag.

153 1536 219 1594 111.
260 1535 337 1594 Item
352 1535 442 1614 Fuga.
456 1535 506 1595 lib.
519 1538 548 1596 3.
562 1556 626 1615 cap.
642 1545 659 1572 “
669 1535 839 1604 Dolentes,”
853 1557 882 1594 n.
896 1539 944 1594 33.

190 1605 260 1672 VII.
281 1614 349 1693 obj.
365 1611 523 1674 'Authores
545 1613 738 1674 communiter
753 1607 863 1684 dicunt,
886 1615 1045 1694 quamlibet
1057 1623 1093 1672 at·

152 1693 313 1754 tentionem
328 1714 366 1754 ex
380 1695 478 1768 tritus,
495 1695 641 1776 praedictis
656 1695 788 1756 sufficere
811 1695 841 1752 in
854 1695 1026 1755 recitatione
1040 1693 1094 1752 Ho-

152 1793 249 1834 rarum
268 1774 340 1833 Can.
488 1777 490 1786 '
779 1783 782 1792 '
806 1781 809 1790 ’

192 1853 364 1930 Respondet
376 1852 491 1944 Sylvius
501 1853 558 1913 hoc
567 1873 631 1914 esse
642 1854 808 1932 negandum
815 1855 862 1913 vel
875 1853 1003 1932 benigne
1015 1852 1104 1912 inter-¹

152 1931 344 2068 ppetandurn:
370 1931 458 2010 igitur
473 1933 603 2010 quamvis
617 1933 763 2012 Wiggers,
788 1933 904 2003 Suarez,
919 1931 985 1991 Van
1000 1931 1096 2010 Ray&

182 2009 280 2070 illuart
292 2011 349 2070 hoc
362 2009 448 2070 modo
461 2013 626 2090 loquantur,
646 2011 794 2072 ut'dicant
808 2013 897 2072 solam
911 2011 1096 2070 attentionem

108 2102 117 2116 ·
152 2089 191 2149 ad
204 2093 293 2150 verba
306 2089 455 2159 sufficeret
480 2091 552 2149 illud
567 2103 665 2151 tamen
679 2091 721 2150 lta
734 2091 892 2170 explicant,
907 2103 940 2149 ut
953 2089 1039 2149 simul
1052 2109 1096 2148 ex-

154 2170 235 2248 igant
249 2170 442 2229 attentionem
455 2169 493 2234 ad
507 2171 625 2240 Deum;
647 2169 760 2230 addunt
779 2170 866 2240 enim,
890 2169 969 2306 quod
982 2169 1097 2228 intentio

144 2248 253 2308 ‘orandi
268 2249 370 2308 adesse
385 2249 499 2320 debeat,
511 2250 643 2330 adeoque
657 2249 782 2309 attentio
795 2250 890 2309 virtua
901 2269 924 2308 rs
936 2249 975 2308 ad
989 2247 1097 2315 Deum;

161 2347 229 2386 narn
243 2328 273 2385 in
288 2328 450 2388 intentione
465 2329 566 2388 orandi
588 2329 746 2388 includitur
769 2329 902 2390 attentio
917 2328 1048 2388 virtualis
1067 2325 1104 2386 ad

157 2407 256 2466 Deum
267 2409 355 2486 juxta
368 2407 455 2486 ipsos.
495 2408 572 2468 Vide
586 2409 710 2468 Billuart
720 2427 786 2488 pag.
803 2410 867 2466 110.

143 2489 147 2498 ’
197 2483 282 2544 VIH.
299 2485 366 2578 Obj.
382 2485 518 2546 Attentio
533 2487 570 2546 ad
582 2489 672 2547 verba
684 2492 710 2546 δι
724 2487 761 2546 ad
772 2485 871 2546 Deum
885 2487 999 2548 minuet
1011 2498 1098 2548 atten-

155 2566 265 2625 tionem
280 2566 416 2625 oratronis
432 2569 520 2645 juxta
533 2565 667 2626 axioma:
692 2561 857 2626 “Pluribus
871 2563 1001 2628 intentus
1014 2565 1100 2624 minor

157 2645 254 2704 estad
276 2645 389 2724 singula
412 2665 513 2705 sensus
525 2646 549 2704 :”
572 2667 642 2726 ergo
658 2645 710 2706 illa
728 2645 857 2708 attentio
878 2645 919 2728 ad
929 2648 1018 2706 verba
1032 2649 1056 2702 dl
1069 2643 1100 2702 ad

157 2725 256 2788 Deum
273 2745 331 2784 non
364 2725 520 2804 raecipitur.
980 2795 983 2802 Ι
1049 2751 1052 2758 ·

144 2879 146 2885 y
198 2803 235 2862 R.
256 2823 323 2863 cum
340 2745 369 2864 d
384 2803 489 2864 Thom.
500 2807 530 2863 2.
540 2807 569 2862 2.
583 2825 611 2883 q.
622 2802 670 2862 83.
683 2813 710 2864 a.
726 2803 772 2864 12.
786 2803 824 2864 ad
836 2807 868 2864 2.
878 2803 1013 2883 negando
1025 2815 1101 2864 ante·

158 2883 267 2959 cedens
278 2904 286 2940 r
306 2903 374 2944 narn
388 2883 512 2944 attentio
526 2883 564 2944 ad
576 2886 665 2944 verba
679 2882 871 2964 significantia
884 2883 993 2962 aliquid
1006 2883 1045 2943 ad
1057 2882 1101 2940 de·

157 2963 304 3022 votionem
315 2963 464 3042 pertinens
478 2965 575 3044 potius
589 2963 707 3042 adjuvat
717 2964 876 3023 orationem
890 2965 916 3022 tlr
928 2962 1035 3022 mentis
1049 2961 1101 3020 ele·

157 3043 304 3102 rationem
318 3043 347 3100 in
362 3041 479 3102 Deum:
497 3040 613 3103 axioma
625 3040 695 3102 verd
709 3039 881 3122 intelligitur
895 3043 934 3102 de
946 3041 1101 3102 attentione

150 3121 302 3258 adlpqura,
317 3139 382 3200 quae
394 3143 454 3181 non
468 3123 636 3183 conducunt
649 3122 687 3181 ad
701 3121 826 3182 eundem
841 3117 976 3182 orationis
989 3120 1085 3180 finem.

246 3242 253 3258 .
268 3201 408 3272 Observa,
421 3200 500 3281 quod
508 3199 731 3282 plures-possint
741 3201 802 3261 dari
812 3201 919 3280 gradus
930 3199 1104 3263 attentionis,

161 3283 186 3337 a
201 3279 280 3358 quod
293 3299 351 3340 non
366 3299 480 3362 semper
493 3277 658 3362 requiratur
671 3299 800 3340 summus
814 3279 920 3360 gradus
929 3281 947 3339 ε’
960 3299 1026 3340 nam
1041 3297 1104 3339 curn

160 3359 265 3418 minori
287 3360 458 3420 attentionis
485 3359 760 3440 grad'u‘subsiatere
789 3372 887 3442 potest
908 3377 979 3420 vera
1006 3357 1102 3423 oratio,

161 3438 294 3516 adeoque
309 3439 442 3498 satisfieri
457 3453 554 3519 potest
568 3452 715 3520 praecepto
736 3441 832 3520 quoad
853 3437 1053 3510 substantiam,
1074 3448 1104 3494 ut

161 3517 266 3578 saltem
280 3537 337 3578 non
351 3517 478 3596 graviter
491 3533 631 3598 peccetur
646 3531 747 3582 contm
760 3519 840 3580 illud.
