2244 4082
149 149 209 209 274
484 161 751 212 rocuurssrrcrs.

147 306 228 368 facto
239 303 342 375 simul;
356 305 533 388 quandoque
543 301 662 385 dejure,
671 323 730 366 non
741 304 875 377 denen,
884 311 911 368 ἀ
920 307 1078 388 quaudoque

20 381 32 436 f
148 387 187 447 de
200 387 287 456 facto,
298 405 357 446 non
366 385 486 464 dejure.
513 385 803 466 Fagnanusinlib.c.
817 385 1078 451 ‘lLitterasdecou

147 463 342 528 cessrraeb?
376 465 454 526 Item
468 467 562 526 Andr.
577 465 653 526 Vall.
668 467 695 526 l.
704 467 732 525 3.
746 477 768 526 t.
780 466 810 524 8.
822 465 849 546 §.
862 467 892 526 2.

169 677 224 804 ΙΝ.
243 680 312 764 eu.
332 703 392 764 na
426 677 856 844 iuunclssffluaius
890 705 1051 768 neuun·

144 939 340 1021 LDcfinltio.
390 940 432 1000 II.
457 941 729 1020 Qndruproeenr·
768 942 825 1002 III.
844 937 1081 1020 Dioisio'iurenla

201 1021 228 1094 ts
243 1021 405 1100 paenale.
445 1021 499 1080 IV.
518 1021 700 1090 Patronotus
712 1021 795 1090 Eat,
808 1021 956 1098 holm&
969 1023 1081 1100 Mintur.

202 1101 240 1159 V.
265 1101 378 1175 Quibus
390 1102 482 1161 orodis
494 1103 665 1180 aoqroirntur
684 1102 876 1164 Paeonum.
918 1103 971 1164 Vl.
984 1103 1082 1166 Pauo

200 1201 257 1240 nur
269 1180 516 1243 malahel.
538 1201 653 1252 menaea
672 1181 782 1244 Ecclee.
795 1185 823 1241 6.
862 1183 931 1242 Vll.
951 1183 1081 1258 Persou

201 1260 293 1336 &cot
313 1261 457 1340 Beneffii
482 1281 541 1320 non
570 1263 701 1322 ramulis
725 1272 768 1332 est
798 1263 894 1322 irrita.
934 1263 1017 1323 VIII.
1037 1265 1083 1328 Li·

199 1340 351 1418 oetplurer
368 1340 459 1402 umal
475 1351 610 1420 pmcne.
648 1341 704 1400 IX.
723 1341 910 1402 Famam
927 1344 1082 1420 iodiquum.

136 1473 141 1480 ,
201 1419 238 1478 Χ.
261 1419 756 1500 Nonpouatpraeaentaresetmns

181 1578 287 1646 QUID
302 1591 350 1639 est
360 1581 409 1658 jus
423 1580 595 1658 patronatus
609 1579 774 1644 Beneficii?

180 1659 205 1717 Ι.
227 1659 264 1716 R.
286 1657 342 1718 Est
353 1670 485 1737 potestas
498 1660 695 1737 prasentandi
711 1658 859 1721 clericum
873 1659 1083 1736 instituendum

96 1809 101 1816 ι
134 1736 180 1798 ad
192 1737 375 1798 Beneficium
388 1758 505 1802 vacans.
545 1738 604 1805 Qui
627 1739 738 1818 potitur
752 1741 820 1818 jure
834 1739 884 1800 illo
896 1750 1020 1800 vocatur
1035 1741 1084 1802 Pa·
1100 1743 1101 1746 ’

141 1829 243 1878 tronus
258 1817 409 1880 Beneficii.

179 1897 220 1955 II.
241 1897 434 1957 Praesentatio
457 1897 507 1956 illa
530 1909 577 1957 est
600 1897 743 1958 exhibitio
765 1897 865 1958 clerici
885 1899 1085 1970 beneficiandi.

138 1975 218 2036 facta
246 1976 297 2046 illi,
326 1977 374 2037 cui
398 1976 540 2056 competit
561 1977 708 2039 institutio
728 1977 791 2046 siue
815 1977 933 2038 collatio
957 1979 1086 2058 ejusdem

1087 2071 1090 2100 l

139 2055 291 2118 Beneficii.
374 2069 378 2088 ¹
782 2117 784 2122 .

179 2135 235 2194 Ill.
256 2135 311 2197 Jns
334 2136 511 2196 Patronatirs
533 2135 672 2198 dividitur
694 2134 724 2194 in
747 2135 837 2208 reale,
866 2137 945 2215 quod
958 2137 1087 2198 adhaeret

137 2214 238 2285 fundo,
252 2219 278 2274 oz
290 2215 324 2272 in
347 2215 499 2293 personale
521 2216 601 2294 quod
623 2215 756 2295 sequitur
775 2235 929 2295 personam
943 2229 998 2279 aut
1020 2237 1086 2297 que·

139 2293 254 2354 litatem
268 2297 348 2373 ejus:
369 2296 448 2354 reale
463 2306 586 2356 exercet
606 2295 851 2366 usufructuarius,
869 2297 1026 2375 personale
1042 2299 1087 2358 de·

138 2373 264 2444 volvitur
279 2373 424 2434 ordinarie
438 2375 477 2434 ad
501 2375 724 2435 Successorem:
747 2375 841 2434 Tutor
861 2388 1026 2454 praesentat
1039 2399 1086 2456 pro

138 2473 178 2531 pu
200 2452 267 2521 illo;
288 2453 312 2512 si
326 2453 376 2512 hic
390 2453 429 2514 sit
442 2455 545 2532 puber,
560 2454 719 2532 requiritur
733 2457 796 2533 ejus
810 2475 983 2514 cousensus.
999 2461 1001 2470 ’

177 2473 229 2590 iv,
251 2531 389 2592 Secundo
404 2532 545 2592 dividitur
558 2545 733 2614 patronatus
755 2533 784 2592 in
806 2533 938 2605 Laicum‚
955 2535 1087 2596 Ecclesi-

136 2611 263 2672 asticum
279 2612 459 2673 &smixtumr
481 2624 653 2690 patronatus
666 2613 759 2674 laicus
771 2625 826 2684 est,
836 2615 885 2692 qui
895 2625 998 2693 potest
1011 2636 1087 2675 com·

139 2701 242 2770 petere
265 2691 347 2752 lalcis
361 2697 387 2750 δι
405 2692 520 2752 clericis
533 2693 646 2754 ratione
660 2693 827 2771 patrimonii
849 2694 896 2754 vel
920 2693 1087 2772 privilegii:

139 2770 368 2830 Ecclesiasticus
391 2782 446 2840 est,
471 2771 521 2850 qui
543 2772 684 2832 fundatur
697 2772 728 2832 iu
741 2772 828 2832 titulo
842 2774 970 2850 quodam
985 2775 1088 2834 Eccle-

139 2848 276 2919 siastic03
310 2851 422 2910 mixtus
445 2863 616 2930 patronatus
640 2863 696 2922 est,
718 2852 768 2912 ubi
789 2853 922 2932 ejusdem
944 2851 1088 2914 Beneficii

137 2929 253 3007 patroni
267 2940 337 2988 sunt
350 2929 458 2990 Laicus
471 2935 497 2990 ir
510 2929 746 2995 Ecclesiasticus.

177 3005 279 3074 Qualis
293 3020 340 3068 est
347 3021 527 3088 patronatus,
539 3011 589 3089 qui
600 3011 768 3071 Abbatissis
776 3011 890 3072 ratione
900 3011 1086 3080 Monastcrii‚

134 3099 187 3149 aut
200 3087 330 3148 AEdituis
341 3089 484 3168 competit
493 3090 606 3151 ratione
621 3090 787 3152 Ecclesia?

173 3169 212 3228 R.
234 3168 290 3228 Est
303 3169 540 3230 Ecclesiasticus.

174 3248 289 3313 Quibus
302 3248 397 3309 modis
410 3247 572 3327 acquisitus
581 3251 631 3328 jus
645 3249 840 3328 patronatus?

173 3327 210 3385 V.
231 3327 268 3386 R.
290 3327 482 3402 Fundatione,
511 3327 671 3399 dotatione,
692 3329 740 3388 vel
760 3327 956 3402 edificatione
983 3325 1101 3390 Eccle·'

134 3405 203 3466 siae:
219 3407 296 3466 {item
315 3425 367 3484 per
389 3407 573 3486 privilegium
597 3407 659 3468 sive
683 3428 736 3487 per
750 3407 995 3476 concessionem
1017 3408 1087 3468 item

135 3485 323 3546 successione
336 3487 384 3546 vel
397 3486 590 3565 acquisitione
604 3487 661 3558 rei,‘
683 3487 836 3566 dignitatis
854 3487 901 3546 vel
924 3487 1025 3558 officii,
1040 3487 1086 3546 cui

129 3567 179 3643 jus
202 3566 373 3643 potronatus
396 3585 544 3627 annexum
572 3578 627 3628 est.
675 3568 804 3626 Patrono
826 3566 972 3628 Ecclesiae
1001 3567 1089 3628 datur

133 3644 245 3722 primus
259 3644 340 3702 locus
354 3643 385 3703 in
398 3645 534 3706 Ecclesia
543 3646 593 3705 ille
605 3658 675 3708 aute
689 3647 882 3725 Toparcham.

133 3724 322 3862 dQuPanrum
345 3735 462 3802 tempus
483 3726 658 3790 conceditur
682 3725 819 3790 Petronis
842 3725 881 3788 ad
901 3736 1088 3804 praesentan-

154 3821 203 3860 um

20 3907 37 4028 ἱ
169 3881 222 3940 VI.
244 3880 281 3940 R
303 3871 430 3945 Patrono
443 3882 519 3946 laico
540 3885 646 3946 dantur
664 3895 790 3966 quatuor
803 3905 921 3946 menses
934 3884 954 3946 a
969 3884 1024 3948 die
1035 3903 1086 3943 no-
