2256 4090
337 137 379 176 uu
399 129 614 178 murmuro.
910 119 966 177 1⁵⁷

60 273 113 335 ΙΙΙ,
136 275 222 344 Note,
237 272 318 352 qudd
327 269 599 354 jummentum'hoe
612 291 666 354 per
676 271 834 346 creaturus,
849 277 967 356 proprie

24 359 68 416 fiet
80 373 132 433 per
146 354 254 424 Deum,
268 357 295 412 ἃ
309 355 389 433 qudd
403 357 487 416 Deus
502 355 565 434 ipse
579 365 701 415 voeetur
711 355 741 413 in
756 366 881 423 testem
896 357 965 434 quis

23 447 148 496 creature
160 433 328 502 assumitur,
352 455 410 494 non
424 435 571 514 quetende
585 435 615 492 in
629 455 661 495 se
676 435 890 504 consideratur,
913 435 968 495 sed

22 513 158 592 quateuds
172 513 263 572 babet
271 512 403 574 ordinem
417 515 456 573 ad
469 513 576 584 Deum,
592 519 619 573 dr
628 515 775 594 quetends
788 515 896 574 veritas
907 513 967 574 Dei

23 595 46 650 in
59 592 201 652 creaturis
215 593 322 663 elucet,
336 593 379 652 ait
394 594 423 653 S.
434 595 489 652 Th.
503 613 529 653 a.
539 597 568 652 6.
583 613 611 673 q.
620 595 668 653 89.
682 594 724 652 ite
737 605 771 652 ut
785 593 969 672 exprimatur

22 671 136 732 effectus
150 691 205 750 pro
223 689 330 731 comat
353 673 396 732 sic
410 673 498 733 docet
513 673 649 733 Christus
662 673 772 732 Metth.
796 676 847 731 2³.
869 691 896 730 v.
919 676 969 732 22.

26 751 95 828 “qui
105 753 189 829 juret
202 751 232 809 in
247 752 338 823 Coelo,
358 753 484 831 juratio
498 751 617 812 Tbr'ono
630 751 698 823 Dei,
716 757 742 810 dr
755 753 786 810 in
800 771 844 822 eo,
859 752 910 831 qui
923 771 971 812 se·

23 831 67 890 det
80 849 170 908 super
185 831 279 890 eum.’'
643 858 646 870 ·

52 909 102 968 IV.
125 909 239 988 Siquis
253 922 352 970 eutem
366 909 457 971 vellet
469 911 567 972 faeere
578 913 778 988 juramentum
792 911 902 990 proprii
916 931 968 970 no·

22 988 97 1046 minis
117 1007 176 1066 per
196 1001 362 1050 creaturum
385 990 472 1050 sicuti
494 1009 548 1068 per
570 991 678 1060 Deum,
701 1009 790 1068 greve
813 1002 970 1069 peecatum

20 1068 203 1146 blasphemie
216 1081 269 1128 eut
282 1069 453 1130 idololotriae
467 1069 683 1138 committerem
704 1070 773 1149 quie
786 1070 817 1128 id
831 1071 909 1149 quod
923 1081 973 1130 eet

22 1148 78 1207 Deo
91 1149 255 1226 proprium,
280 1149 395 1210 scilieet
408 1149 501 1208 omnis
515 1147 649 1209 veritatis
663 1169 800 1228 supreme
818 1149 974 1210 uttesutio

22 1227 228 1287 attribueretur
242 1239 393 1288 creature.

51 1307 141 1445 Qppd
158 1310 358 1386 intrumentum
379 1307 488 1368 dicitur
508 1306 573 1367 fieri
596 1325 651 1386 per
676 1319 826 1368 creaturas
851 1326 984 1396 expers-¹

24 1398 71 1444 ton
816 1425 818 1432 ‹

52 1464 85 1522 V.
110 1465 154 1524 R.
179 1465 253 1525 illud
266 1467 296 1524 in
311 1485 368 1545 quo
384 1477 520 1527 creature
542 1466 745 1526 consideratur
759 1470 972 1546 utconjuncto

19 1545 142 1620 jurunti;
165 1557 199 1606 et
212 1545 296 1605 Deus
310 1546 463 1606 invocetur
477 1561 534 1607 non
556 1546 650 1606 soldm
665 1558 699 1606 ut
713 1547 806 1615 testis,
832 1547 886 1606 sed
899 1552 924 1606 dt
938 1558 973 1610 ut

21 1623 122 1682 vindex
133 1625 165 1684 in
174 1643 256 1693 eum3
276 1626 380 1704 dequo
394 1637 493 1686 uotum
506 1643 629 1685 numero
640 1625 838 1704 precedentis
852 1626 893 1686 itu
904 1645 973 1686 exe·

20 1704 140 1764 oratorie
159 1707 279 1782 juratur
300 1725 355 1784 per
367 1706 503 1775 animum,
528 1722 581 1784 per
595 1705 719 1765 sulutem
743 1705 897 1784 propriam,
922 1725 972 1784 pu·

22 1794 140 1851 rentum,
156 1784 295 1854 filiorum,
310 1785 478 1854 amicorum,
493 1785 581 1862 regis,
596 1790 649 1846 dte.
705 1802 712 1811 ·
972 1785 975 1798 “

53 1863 102 1920 An
125 1875 231 1938 eutem
255 1863 663 1942 penjurium„exeorewrium,
685 1874 793 1942 praeter
815 1874 973 1943 peccatum

21 1953 118 2003 contra
127 1942 620 2022 virtutem‘Religionisscontineat
633 1944 763 2022 speeiem
777 1943 895 2002 malitie
909 1963 974 2022 spe-

21 2020 119 2080 cialem
133 2033 241 2082 contra
262 2023 437 2084 charitatem
452 2013 503 2082 rui·
516 2023 564 2082 vel
578 2023 712 2102 proximi,
735 2023 849 2082 numito
863 2023 975 2102 liquet;

21 2099 126 2160 Suerez
151 2103 312 2180 respondet
332 2103 487 2182 negativer
515 2103 583 2181 quia
606 2119 667 2162 uon'
684 2121 723 2162 ex
746 2103 843 2162 animo
861 2103 974 2182 impre-

21 2192 120 2238 ouutur
135 2181 193 2241 sibi
207 2202 319 2260 poenos,
342 2179 544 2275 &periculum
558 2193 605 2242 est
612 2194 771 2252 remotum,
786 2188 811 2240 dt
826 2182 894 2261 quia
907 2201 974 2262 per-

16 2259 87 2336 jurio
101 2261 181 2338 pure
195 2273 405 2320 contestatorio
419 2262 545 2324 debetur
558 2262 662 2321 eedem
677 2281 772 2340 poena,
789 2281 876 2341 quum
890 2263 974 2320 Deus

20 2339 106 2398 etium
120 2341 280 2418 aliquando
293 2341 448 2401 visibiliter
461 2341 586 2420 infligit:
600 2342 703 2400 verdm
717 2361 756 2400 ex
770 2361 806 2400 eo
820 2339 914 2400 solum
928 2359 973 2400 se·

21 2420 126 2496 quitur,
152 2419 233 2498 qudd
247 2419 276 2477 in
300 2432 426 2500 utroque
449 2421 577 2500 perjurio
599 2431 741 2499 peccetur
754 2431 857 2481 contre
881 2420 975 2480 cheri·

22 2511 115 2560 tutem
128 2501 185 2558 sui.

21 2657 53 2714 N.
89 2659 158 2715 131.
199 2658 255 2716 DE
283 2659 545 2720 JURAMENTO
573 2657 808 2728 EXPLICITO,
837 2658 891 2717 ET
911 2654 977 2716 IM-

36 2735 217 2806 PLICITO,
243 2737 512 2808 ACCESSORIO,
535 2737 590 2796 ET
610 2739 691 2798 PER
715 2737 762 2798 SE
784 2737 956 2797 STANTE.

19 2895 40 2951 l.
53 2895 315 2974 Juramaptieit.
355 2895 395 2954 11.
408 2895 546 2976 Inpliot't.
585 2897 640 2956 111.
661 2896 778 2956 Jurom.
792 2897 904 2954 inacta
917 2899 976 2970 eiq-

80 2985 159 3034 nuto.
199 2975 252 3033 IV.
266 2975 306 3032 In
318 2987 386 3044 <totu
398 2979 540 3034 emerim.
568 2976 605 3034 V.
618 2975 736 3035 Jurom.
750 2993 885 3034 arreum.
925 2975 979 3034 vl.

80 3053 286 3112 loramentum
307 3073 365 3132 per
390 3076 420 3114 se
446 3066 534 3114 stum.
575 3056 643 3114 VII.
676 3055 793 3116 Jurm.
819 3054 978 3112 calumnie.

84 3133 167 3191 VIII.
182 3134 301 3192 duram.
315 3135 444 3192 solemne.

62 3290 184 3357 QUOD
195 3296 397 3370 jurameutum
407 3292 515 3352 dicitur
530 3292 703 3372 explicitum
713 3293 774 3353 sive
784 3296 978 3372 expressum?

61 3371 85 3428 I.
108 3371 147 3428 R.
173 3371 251 3430 Illud
273 3372 302 3429 iu
328 3392 386 3451 quo
410 3371 540 3431 divinum
563 3373 763 3432 testimouium
787 3373 980 3452 exprimitur:

23 3451 109 3526 quale
124 3462 174 3509 est
187 3451 259 3510 hoc:
276 3451 426 3510 “Testem
441 3453 539 3511 Deum
554 3452 682 3513 invoco.”

64 3529 100 3587 II.
126 3529 210 3588 Dum
225 3529 296 3589 verd
311 3531 512 3590 testimonium
536 3531 594 3591 Dei
609 3553 666 3592 non
682 3533 723 3592 ita
737 3532 878 3611 expresse
899 3535 925 3588 uz
939 3530 981 3589 di·

24 3611 107 3668 recte
119 3609 315 3688 significatur,
330 3610 438 3670 dicitur
452 3611 645 3690 implicitum:
669 3611 833 3691 cujusmodi
846 3622 892 3671 est
902 3613 981 3688 jura·

23 3701 158 3746 mentum
172 3701 399 3768 percreatum,
421 3691 468 3750 vel
484 3691 561 3770 quod
575 3711 628 3769 per
643 3691 725 3771 signa
739 3691 835 3752 verbis
856 3689 982 3767 requiva-

22 3766 113 3826 lentia
128 3779 296 3846 praestetur.
787 3767 790 3776 '
