2244 4088
140 203 180 262 50
389 204 394 216 ‘
536 215 577 259 nc
598 215 695 259 notus

141 484 179 543 u.
209 431 257 541 m
289 477 345 540 on
367 477 513 540 oscus
535 473 851 540 Excusauimus
872 478 902 537 A
922 475 1100 540 anoma-

375 558 506 616 moun
527 558 745 650 nortuum
766 558 862 622 cru.

143 728 167 787 l.
192 723 264 787 Tres
278 743 373 786 coactu
384 742 478 782 camo.
499 721 608 780 dcccit.
627 721 739 782 Horam
778 723 818 782 II.
838 719 998 783 Naturalis
1011 723 1103 785 inad-

101 874 104 880 ¹
200 807 346 874 naemu,
368 802 518 880 inculpata
530 801 642 861 oblivio.
682 801 1002 880 Infirmitusnonleuis
1052 804 1105 860 111.

200 884 370 946 Periculum
382 882 428 940 vel
438 891 528 941 nutus
537 883 640 957 prauis
652 881 731 940 ntuli.
749 883 753 893 ¹
773 880 825 942 IV.
850 879 989 960 Officium
1003 881 1105 940 cloari-

188 969 277 1034 ¹tutia
317 964 353 1021 V.
378 961 535 1042 occupatio
561 962 705 1020 concionis
730 962 929 1040 componenda
954 981 1017 1020 acu
1047 982 1105 1020 ecc.

190 1043 254 1104 'vt
274 1041 446 1102 Emeum
461 1041 498 1100 ab
519 1041 589 1098 aaa
604 1039 691 1102 Hora
710 1059 769 1099 uon
789 1044 942 1100 accusatur
960 1039 1001 1098 ab
1024 1042 1107 1100 aliis.

202 1125 273 1185 v11.
293 1123 387 1200 Prop.
408 1119 485 1179 dana
524 1119 612 1178 vm.
636 1119 925 1190 Cacomnemone
943 1119 1108 1180 naiaco.

205 1205 259 1264 iX.
284 1205 345 1276 Qus·
362 1202 506 1279 procidet
515 1199 611 1278 fabris
630 1215 779 1270 acorem
800 1202 962 1280 praeveniat
980 1201 1109 1280 tempas.

204 1285 242 1344 X.
262 1281 536 1342 Eccommauicatas
557 1299 617 1337 acu
633 1287 793 1352 moueatur.
833 1279 888 1340 ΧΙ.
908 1279 1107 1358 Dispensatio

156 1359 161 1377 '
204 1363 365 1442 Pontificio
377 1353 500 1429 tactum,
514 1357 919 1440 tituliqacado'Episcopalia
936 1357 948 1449 'j

174 1523 285 1597 'QUAE
306 1538 376 1587 sunt
388 1543 485 1586 causae
505 1535 683 1586 excusantes
706 1522 865 1584 ilectione
879 1523 1035 1598 Horarum
1054 1528 1109 1587 Ca·

152 1609 347 1671 nonicarum?

191 1689 214 1751 Ι.
236 1691 273 1750 Β.
293 1689 352 1748 Hm
373 1683 551 1746 estimando
576 1695 648 1754 sunt,
661 1703 701 1744 ex
722 1683 833 1762 regulis
857 1682 933 1744 tradi
955 1683 1060 1744 solitis
1084 1686 1112 1743 in

150 1772 293 1842 Tractatu
306 1769 344 1830 de
358 1765 497 1843 Legibus,
512 1766 563 1826 ubi
577 1764 742 1844 inquiritur,
758 1779 823 1856 qum
842 1783 938 1824 causae
953 1779 1111 1844 excusent

152 1854 190 1912 ab
203 1847 408 1910 observatione
421 1845 512 1922 Legis
526 1846 679 1904 humanaz
701 1843 750 1902 hic
763 1843 882 1904 mterim
896 1844 1047 1922 assignari
1070 1865 1115 1918 so3

142 1932 214 1990 ,lent
228 1940 288 1988 tres
299 1945 395 1986 causae
406 1922 746 1984 excusantesiie'ctione
760 1919 926 1982 Horarum:
943 1925 956 1982 l
978 1931 996 1958 “
1005 1920 1115 2002 Impm

152 2006 275 2069 tentia”'
292 2003 457 2084 “physica''
480 2004 528 2063 vel
552 2001 695 2062 “moralis
706 2001 729 2070 ;”
759 2004 788 2060 2.
803 1999 1020 2063 “Necessitas'‘
1050 2003 1114 2064 sive

152 2084 425 2224 Officiumdiustitim
441 2083 488 2142 vel
502 2076 673 2154 charitati83
693 2083 722 2140 3.
737 2089 755 2118 ‘⁶
765 2079 956 2161 Dispensatio
971 2083 1096 2161 Paper·

194 2166 235 2226 11.
256 2168 284 2225 A
321 2163 526 2242 impotentiam
549 2163 733 2222 reducuntur
757 2161 898 2222 naturalis
917 2161 1114 2224 inadverten-

154 2249 204 2316 tia,
218 2245 369 2324 inculpata
382 2241 505 2310 oblivio;
524 2242 597 2301 item
620 2240 784 2310 infirmitas,
808 2241 839 2299 in
867 2241 925 2320 qua
946 2241 1008 2302 sinc
1025 2243 1114 2321 gravi

155 2325 328 2398 difficultate
354 2323 403 2396 vel
426 2321 611 2399 incommodo
629 2322 721 2381 Horoe
746 2320 865 2386 recitari
892 2341 949 2380 non
964 2335 1114 2400 possent:

155 2407 229 2468 ieris
243 2404 405 2472 infirmitas,
421 2419 487 2482 quas
500 2419 559 2460 non
582 2401 707 2480 impedit
728 2399 889 2460 ordinarias
911 2401 1052 2461 actiones
1068 2423 1114 2462 ca*

155 2486 225 2568 pitis
239 2485 286 2545 vel
299 2483 417 2562 lingua,
442 2480 536 2561 qualis
563 2491 610 2541 est
636 2480 806 2540 moderatus
834 2480 916 2540 dolor
938 2481 1052 2559 cupitis
1068 2481 1114 2541 vel

158 2563 311 2634 stomachi,
326 2583 385 2623 non
399 2569 532 2623 excusat.

157 2667 161 2674 ·
195 2646 250 2704 111.
270 2644 372 2721 Ipsum
387 2639 613 2721 periculum'vel
639 2651 737 2700 metus
764 2637 862 2718 gravis
887 2638 966 2710 maii,
989 2640 1114 2710 mortiS,

157 2725 289 2803 relapsus
298 2722 334 2780 in'
347 2724 482 2798 morbum
495 2719 543 2778 vel
559 2719 589 2777 in
606 2718 791 2796 ‘debilitates
816 2719 875 2779 circ.
888 2719 994 2779 afferre
1008 2729 1114 2797 potest

157 2801 361 2876 rationabilem
380 2819 499 2872 causam
530 2799 737 2868 excusationis,
761 2796 841 2878 cum
856 2799 942 2881 leges
966 2799 1114 2860 Ecclesia

157 2881 303 2945 ordinarie
317 2899 376 2941 non
390 2880 523 2958 obligent
536 2877 566 2936 in
582 2881 665 2938 tanto
674 2877 819 2956 periculo.
858 2877 893 2938 In
909 2877 999 2938 dubio
1014 2891 1114 2940 statur

155 2963 268 3044 judicio
281 2959 390 3021 medici
404 2960 451 3020 vel
465 2957 620 3038 prudentis
633 2957 697 3017 viri.

202 3043 254 3102 lv.
275 3039 412 3101 Officium
440 3037 592 3110 charitatis
611 3047 735 3097 excusat
764 3037 781 3096 ὲ
802 3037 931 3098 lectione
945 3037 1113 3108 Horarum,

160 3145 187 3182 v.
201 3143 230 3201 g.
243 3121 268 3181 si
282 3121 313 3179 in
337 3140 407 3182 casu
416 3138 473 3178 non
488 3116 613 3196 previso
635 3127 730 3176 totum
746 3117 900 3198 ‘reliquum
916 3115 974 3176 diei
990 3105 1113 3195 tempus

160 3201 332 3280 impendere
356 3207 500 3279 oporteat,
526 3207 562 3256 ut
584 3197 726 3258 morituro
756 3209 892 3257 extrema
919 3196 1113 3256 sacramenti

162 3279 413 3352 administrentur.
932 3349 934 3354 Ι

169 3393 173 3402 ⁴
200 3361 236 3418 V.
250 3358 416 3436 Occupatis
430 3355 639 3436 componenda
652 3355 810 3428 concionis,
821 3356 868 3415 vel
877 3355 980 3414 similis
989 3353 1113 3414 functic

163 3461 222 3500 non
236 3449 362 3498 excusat
375 3441 392 3496 ἢ
406 3437 581 3497 recitatione
596 3433 687 3494 divini
701 3435 806 3498 Officii.

201 3518 253 3575 v1.
274 3516 361 3585 Nota,
380 3515 460 3594 quod
473 3517 600 3593 praefatae
624 3533 719 3574 causse
734 3513 910 3594 quandoque
932 3513 1056 3591 possint
1072 3533 1113 3572 ex

124 3637 127 3652 .
164 3615 267 3656 cusare
281 3598 297 3652 i
311 3594 485 3653 recitatione
500 3595 586 3653 unius
601 3594 692 3653 Horae
702 3595 772 3653 Oen.
787 3604 820 3653 ut
831 3606 931 3653 tamen
946 3613 1007 3652 non
1029 3611 1113 3652 excu

166 3671 448 3736 sentirecitstione
469 3672 610 3732 aliarum:
632 3674 700 3749 quia
724 3672 860 3732 Officium
884 3673 1042 3732 Horarum
1066 3691 1113 3730 not

165 3752 334 3832 precipitur
357 3761 495 3827 tanquam
519 3762 615 3809 totum
634 3750 826 3820 indivisibile3
846 3771 914 3812 narn
934 3771 1005 3830 pars
1021 3763 1113 3830 potes

163 3833 275 3894 habere
289 3829 432 3891 rationem
446 3829 582 3890 notabilis
593 3829 738 3890 orationis.
779 3831 846 3890 VII.
868 3831 1078 3892 Confirmatur
1089 3849 1109 3888 e
