2244 4082
398 167 439 210 na
460 169 606 214 susurro.
916 155 974 216 325

57 305 96 366 V.
117 308 272 388 Objiclunt
292 309 436 404 haeretici·
459 310 539 402 quod
561 297 825 391 nulla'dejcsjunio
839 310 973 378 Quadra·
1024 351 1027 356 -
1113 403 1114 410 ἵ

16 387 141 462 gesimae
155 400 275 449 exstent
289 390 498 450 testimoniam
511 390 618 450 litteris
633 391 852 468 Apostolorum.

57 465 96 524 R.
119 467 177 530 Per
192 468 394 529 Traditionem
410 470 613 548 Apostolicam
627 469 701 528 illud
710 469 856 550 jejunium
868 487 973 548 propa-

16 556 122 621 gatum
136 559 199 608 est:
220 569 273 627 pro
287 548 371 608 istius
386 549 557 626 probatione
572 547 679 608 sufficit
688 569 778 609 aurea
789 550 839 608 illa
853 549 884 608 S.
894 550 973 628 Aug.

15 623 65 682 lib.
79 629 110 683 4.
124 639 229 687 contra
239 629 348 706 Donat.
362 629 481 706 regular
503 629 581 706 quod
603 628 740 688 universa
763 639 846 688 tenet
869 628 974 689 Eccle-

16 703 69 772 sia,
85 723 144 766 nec
159 707 300 767 Conciliis
324 705 505 776 institutum,
528 707 582 766 sed
608 727 726 786 semper
745 716 903 776 retentum,
918 719 973 776 est,

15 785 163 922 ¹¹⁰⁰d.¹¹i⁸i
197 787 376 848 authoritate
412 787 588 865 Apostolicd
624 787 767 846 traditum
810 787 975 862 rectissime

15 882 66 924 cre
92 875 160 924 rtur.
225 883 230 894 ’
421 895 424 902 ’
494 877 497 884 ’

57 937 119 1008 Qui
134 945 276 1006 curiosus
290 945 439 1006 desiderat
453 963 633 1024 cognoscere
647 945 774 1016 initium,
788 964 974 1024 progressum

16 1028 41 1079 dt
55 1024 238 1084 mutationes
262 1025 451 1104 praefatorum
467 1026 660 1104 jejuniorum,
683 1027 772 1086 adeat
793 1043 866 1104 opus
890 1025 926 1083 R.
941 1025 975 1084 P.

16 1102 125 1184 cozzo,
138 1115 250 1163 tomum
265 1105 294 1162 ia
310 1105 381 1164 l'olio
392 1105 429 1164 de
439 1104 562 1184 jejunio.

56 1181 114 1240 VI.
136 1183 205 1262 Obj.
219 1184 318 1244 Marci
330 1187 364 1244 2,
372 1205 400 1242 v.
414 1185 459 1242 la.
473 1184 547 1244 dicit
556 1183 704 1268 Christus,
713 1182 854 1261 qubdlllii
869 1185 975 1262 Sponsi

15 1281 76 1319 non
106 1264 221 1342 possint
243 1266 388 1343 jejunare,
412 1263 495 1342 atqui
515 1262 676 1324 Christiani
700 1275 769 1323 sunt
789 1263 842 1322 lilii
869 1263 974 1341 Sponsi

16 1339 150 1411 ChrIsti3
170 1361 250 1422 ergo,
264 1349 317 1404 dc.
427 1371 431 1380 ·
867 1411 869 1416 ,
901 1371 904 1378 ·

57 1421 98 1478 R.
119 1420 247 1482 Locutio
273 1433 320 1482 est
346 1422 532 1502 parabolica:
567 1421 619 1480 filii
643 1422 748 1502 Sponsi
772 1421 975 1500 intelliguntur

18 1498 171 1579 Discipuli
186 1502 305 1571 Christi,
320 1501 545 1580 &significatum
570 1500 651 1580 quod
673 1521 731 1560 non
755 1503 919 1570 conveniat,
941 1513 976 1562 ut

17 1579 168 1650 Christus,
183 1583 323 1659 quamdiu
338 1582 368 1640 in
383 1582 471 1641 terris
494 1601 561 1641 cum
585 1581 656 1659 ipsis
670 1579 845 1651 morabatur,
859 1582 974 1642 faceret

16 1678 67 1716 eos
79 1662 217 1739 jejunare
228 1681 282 1722 seu
292 1661 403 1739 lugere,
412 1672 447 1720 ut
454 1660 596 1741 exprimit
605 1660 715 1720 Matth.
729 1679 792 1742 cap.
806 1661 834 1718 9.
848 1673 894 1721 ast
908 1673 975 1740 post
1008 1704 1012 1717 .

17 1750 148 1798 mortem
162 1741 274 1800 Christi
283 1744 500 1819 jejunaverunt,
515 1749 549 1799 ut
571 1750 697 1799 testatur
709 1740 748 1799 de
762 1759 795 1799 se
811 1739 840 1798 S.
854 1741 974 1800 Paulus.

17 1817 105 1878 Duas
118 1819 190 1879 alias
206 1819 424 1900 Responsiones
437 1819 536 1880 adfert
551 1819 581 1878 S.
595 1819 701 1878 Thom.
711 1821 740 1877 2.
750 1821 778 1878 2.
789 1831 893 1898 quaest.
909 1821 974 1879 147.

16 1909 72 1955 art.
88 1902 118 1955 4.
133 1899 213 1958 ada.
510 1931 513 1940 .
570 1929 574 1940 ¹
683 1931 686 1938 ·
735 1933 738 1938 ·

80 2056 118 2114 u.
142 2059 209 2117 257.
250 2059 309 2118 nn
330 2055 619 2120 Ansrrunurm
641 2059 670 2117 A
691 2011 915 2119 clamans,

274 2173 309 2277 b.
328 2217 468 2278 stoma.
482 2220 510 2276 a.
524 2233 554 2296 q.
570 2219 677 2276 1420..
691 2220 719 2277 a.
841 2207 842 2212 '

18 2375 39 2432 L
61 2371 158 2436 Ratio
165 2373 340 2454 prohibendi
357 2395 436 2436 caum
459 2378 565 2435 camis.
583 2397 586 2406 ·
606 2377 646 2435 II.
674 2375 780 2435 tenum
802 2395 860 2435 non
872 2374 974 2454 prohi-

73 2455 167 2514 betur.
209 2457 265 2516 III.
285 2455 465 2535 Explicatur
494 2455 600 2515 Tectae
626 2455 714 2514 Matr.
741 2457 787 2514 15.
828 2453 880 2512 IV.
901 2454 974 2518 Item

75 2535 153 2593 Date.
166 2538 212 2593 10.
252 2535 290 2594 V.
310 2535 383 2595 Item
409 2538 433 2594 l.
455 2537 498 2594 ad
521 2535 590 2595 Cor.
615 2537 661 2594 10.
702 2535 754 2592 VI.
774 2531 977 2611 ItetrrEp.ad

81 2614 144 2674 Tit.
159 2617 185 2672 I.
225 2615 295 2674 VII.
314 2615 374 2678 Est
393 2625 545 2693 pometum
566 2613 693 2672 mortale.
734 2613 819 2673 VIII.
839 2613 975 2672 Materiae

69 2696 219 2770 parvitas.
260 2693 314 2754 IX.
335 2695 442 2756 Pereat
454 2697 533 2753 toties
545 2695 654 2772 quoties
663 2695 729 2752 edit.

53 2853 208 2916 QUARE
222 2854 393 2932 prohibetur
407 2871 475 2916 esus
489 2854 621 2913 carnium
635 2852 684 2912 die
694 2851 823 2930 jejunii?

54 2932 80 2988 I.
105 2931 143 2988 R.
166 2931 244 2996 Quia
267 2933 406 3014 'ejunium
429 2933 597 2992 institutum
622 2931 716 2992 estad
733 2949 832 2991 macer
845 2930 973 2990 ationem

17 3011 125 3079 carnis,
145 3011 207 3071 aive
235 2953 274 3072 ad
300 3013 515 3092 reprimendam
539 3011 808 3090 concupiscentiam
822 3012 928 3090 gustits
948 3017 974 3068 dr

17 3109 222 3153 renereorum.
264 3092 341 3151 Esus
368 3104 468 3152 autem
492 3092 626 3152 carnium
650 3090 715 3168 plus
739 3091 830 3150 habet
843 3090 972 3150 delecta·

17 3169 141 3229 tionis&
153 3173 339 3248 provocaturi
351 3191 475 3232 venerea
486 3170 733 3230 subministrando
746 3169 975 3230 abundantiores

17 3251 158 3309 humores
173 3251 302 3310 seminis.
343 3252 373 3310 S.
387 3249 442 3309 Th.

56 3331 122 3388 Sub
136 3331 273 3390 carnibus
287 3329 547 3409 comprehenditur
564 3330 714 3408 jusculum
738 3327 879 3396 carnium,
899 3333 924 3386 81
939 3347 974 3388 ea

18 3430 81 3484 quae
95 3429 135 3468 ex
151 3429 240 3468 carne
255 3411 398 3488 originem
412 3410 544 3480 trahunt,
559 3421 592 3467 ut
606 3429 668 3477 ova,
683 3413 736 3469 &c-
835 3441 837 3447 ι

53 3490 193 3552 Quorum
208 3489 376 3549 ammalium
391 3509 495 3548 carnes
508 3487 656 3566 prohiberi
670 3498 856 3558 censeantur,
868 3487 974 3546 melius

18 3587 53 3624 ex
65 3587 123 3626 usu
138 3569 287 3628 communi
299 3568 493 3628 discerniturr
514 3587 617 3627 carnes
631 3567 824 3636 testudinum,
838 3585 973 3626 ranarum

17 3647 207 3716 &similium
234 3668 299 3726 quae
326 3649 356 3706 in
379 3648 463 3727 aquis
491 3647 668 3715 nutriuntur,
692 3665 752 3706 non
781 3646 975 3725 comprehen-

16 3727 137 3795 duntur,
154 3728 231 3804 quia,
246 3729 315 3788 cum
344 3726 402 3794 sint
424 3725 583 3806 frigidioris
606 3737 727 3797 naturae,
755 3745 814 3788 non
828 3726 870 3786 ita
883 3745 973 3803 genev

14 3818 79 3864 rant
95 3823 223 3883 sperma
