2256 4090
103 155 106 162 Ι
144 193 200 251 106
540 203 583 246 nn
603 203 693 246 voro.

142 347 288 416 stantiam,
311 365 367 406 nec
381 343 477 423 quoad
498 344 661 404 accessoria
680 343 728 402 vel
741 341 925 410 accidentiar
951 338 1015 402 ¹uia
1029 341 1098 401 lraec

142 449 200 488 non
215 437 284 487 sunt
296 425 439 504 promissa
452 443 505 502 per
518 443 560 492 se,
585 423 637 483 sed
651 423 745 482 solum
760 421 790 481 in
811 422 913 482 ordine
982 421 1097 502 princi·

142 509 238 588 palem
248 504 399 565 materiam
410 527 419 571 3
432 502 488 561 nisi
503 503 608 562 iterum
622 501 701 562 aliud
710 501 836 561 voluerit
849 517 974 571 vorens;
987 500 1030 561 sic
1042 500 1098 578 qui

143 587 223 649 vovit
236 583 510 722 perepriuationem
521 601 586 660 quae
596 581 728 642 redditur
738 581 766 642 ei
776 581 969 660 impossibilis,
979 581 1026 642 vel
1036 580 1098 640 illi·

140 667 210 736 citri,
224 685 282 726 non
316 665 386 724 ebet
400 681 543 742 expensas
558 661 671 721 itineris
685 661 823 722 tribuere.

136 869 140 876 ’
262 901 300 961 u.
329 902 379 960 ar.
419 899 478 960 nn
498 899 614 960 voro
635 899 726 960 uon
746 899 973 964 Pacorum.

145 1064 168 1122 1.
197 1061 297 1122 Votum
309 1077 368 1119 nov
379 1060 522 1136 pereundi
538 1059 672 1118 mortalit
690 1059 736 1118 vel
747 1059 897 1120 venialiter
909 1081 973 1120 evm
981 1062 1096 1119 adver-t

202 1139 317 1216 obliyot.
358 1137 398 1196 ll.
425 1137 526 1198 Votum
533 1157 683 1216 vvquom
689 1141 965 1217 pooeovdiveviolit·
974 1139 1095 1216 obliquo

198 1239 257 1299 pro
265 1228 352 1298 parte
365 1217 508 1296 putribili.
561 1247 566 1256 ·

135 1416 138 1426 ·
184 1375 402 1444 QUOMODO
417 1376 527 1454 obligat
540 1387 640 1436 actum
654 1395 712 1438 non
726 1377 896 1456 peccandi?

184 1457 208 1516 Ι.
230 1457 268 1516 R.
291 1458 328 1514 1⁰.
350 1455 460 1515 Votum
473 1475 622 1534 nunquam
636 1457 778 1548 peccandi
792 1457 961 1528 mortaliter,
975 1458 1022 1518 vel
1032 1477 1099 1517 non

147 1535 289 1618 peccandi
303 1553 431 1614 unquam
445 1554 484 1594 ex
492 1535 583 1613 plena,
589 1535 799 1598 deliberatione
814 1541 841 1596 u
853 1537 1035 1598 advertentia
1043 1558 1101 1597 ve-

147 1617 272 1684 nialiter,
286 1613 366 1674 valet
379 1626 411 1674 et
424 1614 543 1692 obligat,
558 1613 627 1693 quia
639 1627 686 1680 est
695 1615 732 1675 de
741 1616 854 1676 meliori
862 1617 1034 1696 bonaquo‘d
1049 1630 1102 1677 est

147 1698 177 1756 in
231 1705 339 1754 testate
352 1693 484 1752 voventis
499 1713 566 1753 cum
580 1694 675 1772 gratia
688 1693 747 1754 Dei
761 1694 913 1766 ordinaria.

184 1716 229 1834 ll.)
247 1774 284 1832 R.
304 1775 345 1834 2⁰.
367 1773 476 1832 Votum
490 1793 638 1850 nunquam
653 1773 794 1852 peccandi
815 1774 968 1834 venialiter
981 1775 1101 1853 obligat

166 1875 198 1914 ro
213 1862 296 1932 parte
310 1851 440 1930 possibili
453 1851 491 1910 ad
504 1852 655 1918 vitandum
669 1852 794 1914 venialia
803 1853 908 1920 saltem
921 1854 1008 1934 pleni
1022 1853 1104 1912 deli-

143 1876 265 2000 geram
285 1951 343 1990 non
354 1929 464 2010 obligat
478 1951 530 2023 pro
544 1943 636 2009 parte,
649 1933 706 2010 qui
720 1931 749 1990 in
763 1945 839 2010 'voto
853 1933 902 1992 illo
916 1931 1104 2014 promittitur

144 2009 264 2075 evitatio
278 2009 407 2072 omnium
421 2009 577 2068 venialium
593 2011 745 2072 collectivi
760 2023 951 2094 sumptorum,
973 2032 1041 2091 qure
1058 2034 1102 2072 ex

143 2089 326 2169 surreptione
345 2087 584 2158 committuntur;
605 2091 673 2168 quia
690 2089 720 2148 in
744 2091 860 2155 tantum
878 2104 978 2152 votum
994 2104 1043 2152 est
1060 2093 1102 2152 de

142 2191 174 2231 re
189 2168 360 2248 impossibili
374 2179 460 2227 extra
473 2188 572 2227 casum
587 2169 688 2246 gratiae
698 2170 951 2231 extraordinariae:
972 2171 1100 2232 videtur

143 2262 242 2310 tamen
256 2259 356 2312 votum
370 2265 428 2308 non
442 2247 584 2325 peccandi
605 2249 759 2314 venialiter
785 2249 815 2308 in
839 2249 1007 2334 particulari
1027 2270 1100 2309 ma·

142 2329 225 2396 teria,
240 2347 277 2387 ne
293 2327 410 2405 quidem
433 2346 471 2385 ex
495 2327 687 2464 surreptione,
748 2348 795 2388 sse
817 2328 912 2392 valide
934 2329 1008 2398 lieri,
1022 2331 1101 2408 quia

142 2407 213 2468 illud
228 2419 274 2468 est
295 2405 448 2486 possibile;
468 2410 494 2463 δι
510 2405 552 2466 ita
604 2406 716 2486 eligiosr
737 2407 844 2487 aliique
863 2407 997 2468 obstricti
1020 2421 1100 2468 voto

140 2487 267 2566 simplici
281 2484 425 2546 eastitatis
448 2505 501 2566 per
527 2497 639 2546 motum
654 2487 931 2565 secundo-primum,
951 2487 1100 2550 videntur

144 2587 233 2648 agere
247 2566 336 2630 etiam
350 2575 453 2626 contra
465 2577 566 2626 votum
580 2585 665 2625 suum
679 2565 840 2630 venialiter.

307 2785 346 2844 N.
366 2787 415 2844 88.
456 2781 609 2845 VOTUM
630 2783 688 2843 DE
710 2783 766 2850 RE
787 2784 922 2847 MALA.

139 2951 168 3008 ,14
195 2945 294 3006 Votum
306 2945 342 3002 de
353 2944 431 3002 malo
443 2953 583 3020 quatem
605 2941 681 3002 malo
700 2951 743 3001 ost
762 2942 884 3001 invalid.
924 2943 964 3001 ll.
992 2942 1110 3003 Votum*

190 3023 493 3106 'potestesreonlidvm
505 3024 622 3100 qomodo
634 3021 743 3081 malum
754 3041 783 3080 re
796 3022 878 3080 tara
889 3031 1016 3102 exparte
1029 3033 1109 3106 ope-¹

199 3107 302 3173 rantis,
315 3121 374 3160 nov
392 3104 495 3180 operis.
535 3101 591 3161 111.
620 3101 720 3162 Votvm
743 3100 914 3178 Relipionr'r,
927 3119 992 3165 eum
1002 3104 1109 3184 interr-3

202 3186 277 3243 tiorro
290 3182 389 3260 vtfiat
399 3178 653 3250 Attanvattdnm.
856 3191 859 3199 “
897 3209 900 3216 ·
1108 3209 1109 3222 ¹

185 3341 245 3401 AN
258 3353 359 3400 votum
373 3341 411 3400 de
424 3360 457 3400 re
470 3339 547 3399 mala
559 3350 658 3419 potest
671 3339 823 3420 obligare?
1107 3405 1108 3412 χ

76 3437 82 3452 “
182 3423 206 3482 Ι.
228 3421 266 3479 R.
286 3420 396 3479 Votum
411 3421 495 3480 dere
510 3419 571 3480 sive
585 3439 674 3499 opere
689 3439 727 3479 ex
741 3439 773 3479 se
786 3419 833 3479 vel
848 3437 886 3479 ex
901 3419 1108 3493 circumitum-l

142 3503 191 3562 tiis
200 3499 291 3568 malo,
307 3500 453 3577 quatenus
468 3499 529 3568 tali,
543 3519 601 3558 non
611 3499 792 3560 estvnlidum
803 3517 859 3559 nec
869 3499 1105 3578 obligatorium:

143 3582 210 3661 quia
223 3598 271 3638 res
284 3579 361 3638 mala
374 3597 432 3637 non
447 3591 493 3638 est
506 3579 629 3639 materia
642 3579 712 3638 voti.
1106 3583 1107 3614 ³

183 3659 214 3720 Si
225 3669 323 3718 autem
338 3677 412 3736 opus
426 3658 465 3716 sit
477 3658 642 3718 virtualiter
663 3659 702 3716 du

141 3739 312 3818 disparatos,
326 3739 435 3796 bonum
457 3741 483 3794 δι
496 3737 605 3796 malum
624 3677 722 3797 simul

141 3818 250 3903 poterit
263 3835 328 3879 esse
342 3816 465 3878 materis
479 3815 548 3876 voti.

718 3645 773 3728 lex
789 3668 909 3735 propter
930 3659 1005 3718 duos
1020 3657 1107 3718 finev

711 3777 719 3806 ι

744 3735 889 3814 quatenus
910 3739 1022 3798 bonum
1039 3749 1102 3810 est,
