2246 4096
359 187 402 229 ns
421 185 627 230 Junamsnro.
928 171 983 231 185

34 325 120 386 terius
134 325 311 387 contrarium
331 328 447 388 omnino
465 332 633 407 juramento
653 327 750 408 priori,
773 349 799 386 v.
813 347 843 406 g.
857 329 984 388 donandi

32 425 91 464 rem
103 405 238 486 aliquam,
257 415 303 466 e'st
316 407 450 468 illicitum
466 413 492 466 tr
505 408 677 490 invalidum·-

71 484 213 546 Similiter
235 498 336 546 votum
357 487 483 565 simplex
507 487 620 548 directe
645 499 747 548 contra
771 487 980 566 obligationem

28 565 186 642 juramenti
208 585 266 624 non
289 577 336 625 est
355 567 483 626 validum
507 578 558 626 aut
582 567 796 648 obligatorium.
838 567 914 629 Haec
938 587 984 627 as-

33 643 122 704 sertio
134 645 261 704 habetur
275 666 313 705 ex
327 665 391 725 cap.
432 655 450 684 ‘⁴
465 645 566 706 Sicut”
588 647 626 706 de
641 647 840 724 sponsalibus.
927 675 932 688 ·
968 663 972 675 ’

69 723 106 781 R.
127 723 160 783 Si
174 735 258 784 actus
272 721 321 784 ille
335 726 486 785 contineat
505 726 654 786 effectum·
665 725 785 785 alterius
799 725 983 805 ordinis„po-

32 813 90 861 test
103 823 170 864 esse
190 803 303 863 validus
317 809 343 862 tr
356 805 553 884 obligatorius,
579 806 647 884 quia
667 805 806 884 obligatio
821 805 984 883 Religionis

28 882 188 960 juramenti
201 903 259 943 non
274 885 429 962 opponitur
443 885 618 963 cuicumque
631 885 799 962 obligationi
811 885 984 953 irritatorie3

31 965 55 1019 tr
81 961 152 1021 ideo
180 981 239 1022 non
266 981 381 1057 semper
408 965 504 1024 aufert
531 975 708 1044 potestatem
735 963 863 1024 faciendi
887 965 984 1036 valide

32 1042 206 1120 oppositum,
221 1057 354 1121 quamvis·
366 1043 468 1104 illicite
482 1044 543 1102 fiat.

70 1119 110 1178 11.
152 1122 208 1192 Ita,
236 1121 261 1180 si
288 1122 353 1200 quis
375 1123 520 1202 juraverit
540 1124 742 1192 nonnanere,
767 1121 865 1181 valide
892 1125 985 1182 nubet

33 1201 218 1278 quantumvis
232 1201 343 1261 illicita
675 1215 678 1230 ²

71 1279 213 1339 Similiter
226 1281 369 1360 quispiam
388 1281 485 1341 valide
501 1292 604 1360 contra
620 1285 819 1360 Juramentum
834 1301 918 1340 suum
934 1281 984 1340 do·

31 1369 90 1427 nat,
103 1359 217 1429 vendit,
236 1371 289 1418 aut
301 1360 359 1419 alio
372 1369 526 1420 contractu
539 1361 679 1422 transfert
693 1361 852 1420 dominium
865 1361 909 1420 rei
923 1381 984 1419 suae

30 1437 58 1495 in
73 1437 173 1508 alium,
196 1439 265 1518 quia
283 1459 331 1499 ras
350 1443 449 1518 jurata
463 1451 564 1500 manet
575 1441 702 1500 materia
714 1441 836 1500 alterius
849 1451 983 1500 contras*-
1016 1504 1017 1508 ,
1079 1469 1084 1480 ’

31 1517 89 1585 tiis,
104 1516 280 1589 donationis,
294 1524 349 1578 &c-
425 1542 427 1550 ’
668 1531 690 1543 ”
729 1536 732 1550 ’
874 1559 875 1563 =

69 1595 121 1656 Sic
137 1596 225 1656 eumn
242 1597 308 1676 quis
327 1597 432 1668 valide,
455 1599 586 1678 quamvis
599 1591 678 1658 forts
690 1599 801 1669 illicite,
824 1610 944 1659 rev0cat
957 1603 983 1657 δι

28 1687 127 1735 mutat
160 1687 367 1756 testamentum
402 1681 568 1738 'uramenta
590 1679 809 1756 confirmatum
834 1699 891 1738 nec
919 1679 983 1756 ipse

29 1773 129 1834 neque
142 1752 276 1816 haeredes
289 1759 326 1816 ob
340 1768 385 1817 tes
417 1769 550 1818 mentum
562 1768 740 1836 ¹revocatum
760 1757 925 1834 obligantur
944 1757 983 1817 ael

29 1833 267 1904 restitutionem
290 1837 358 1916 quia
376 1848 442 1897 erat
461 1837 602 1918 obligatio
616 1837 704 1897 solius
725 1834 887 1914 Religionis
905 1834 984 1914 jura·

27 1914 132 2052 grenti,
159 1911 227 1993 quae¹
251 1935 312 1975 non
339 1915 679 1998 inducitobligationem
701 1915 912 1985 restitutionis3
942 1917 984 1975 ita

51 2011 151 2053 uarez.
283 2032 286 2040 ·

66 2071 205 2132 Lessius'
222 2069 321 2135 tamon
345 2076 495 2136 existimat
521 2077 622 2136 deberi
646 2075 734 2156 priori
756 2067 871 2136 'haeredi
895 2069 984 2151 seqni-

27 2153 140 2222 valens,
150 2165 359 2233 nontanqmrm
370 2156 489 2225 haeredi,
499 2155 568 2235 quia
577 2156 657 2234 prius
668 2165 877 2236 tastamentum
888 2153 984 2216 valide

29 2243 204 2292 revocatum
218 2245 276 2302 est;
296 2235 349 2294 sed
363 2245 501 2314 tanquam
515 2235 663 2304 creditori,
678 2235 764 2294 tittrlo
779 2233 925 2314 inJuriorae
939 2253 984 2295 re·

27 2311 194 2370 vocationis
208 2313 405 2392 promissionis
419 2327 589 2408 acceptata,
604 2319 630 2372 ἀ
638 2313 806 2392 juramenti,
822 2317 847 2371 a

54 2389 203 2468 'objicite
223 2393 247 2452 si
258 2393 391 2452 loannes
404 2395 570 2472 promrserit
583 2395 673 2452 Petro
691 2411 799 2470 equum
819 2411 887 2452 cum
910 2396 985 2460 'ura-

31 2481 146 2538 mento‚
176 2489 264 2548 quam
288 2471 420 2552 loannes
447 2485 549 2551 postea
571 2474 666 2532 donat
692 2485 743 2531 aut
766 2473 868 2552 rendit
890 2473 985 2542 steri,

26 2549 164 2608 Joannes
178 2551 225 2609 vel
239 2553 302 2630 ejus
316 2551 449 2611 baeredes
467 2564 605 2612 tenentur
618 2552 795 2630 aequivalens
810 2551 879 2609 dare
895 2551 985 2609 Petro

25 2629 66 2686 ad
88 2630 339 2707 compensandam
366 2631 533 2710 injuriosam
556 2632 760 2710 infractionem
786 2633 892 2708 juratae
919 2647 985 2707 pro-

28 2707 196 2776 missionis;
216 2729 286 2788 ergo
307 2721 339 2769 et
362 2710 411 2770 ille
433 2712 483 2790 qui
506 2711 625 2774 revocat
647 2721 856 2771 testamentum
883 2720 986 2768 contra

25 2789 239 2863 juramentum.
737 2834 741 2842 .

69 2865 110 2924 R.
132 2865 300 2945 Dlsparitas
313 2879 368 2938 est,
381 2866 463 2948 quid
477 2871 583 2932 Petrus
597 2889 636 2930 eu
650 2865 841 2948 promissione
853 2865 983 2926 humanit

28 2945 129 3004 validi
143 2945 314 3024 acquisierit
324 2951 389 3026 jus;
409 2971 467 3010 non
482 2953 523 3011 sic
537 2950 646 3010 accidit
659 2949 689 3007 in
711 2969 780 3008 casu
794 2948 895 3015 altero,
918 2946 986 3024 quia

26 3025 189 3102 promissio
212 3025 339 3086 hunuano
359 3047 421 3086 non
440 3030 596 3094 revocandi
618 3031 827 3088 testamentum
852 3036 898 3084 est
917 3029 986 3103 jure

30 3105 126 3173 irrita,
141 3109 170 3163 u
183 3125 221 3165 ex
235 3105 296 3164 solo
305 3109 472 3184 juramento
486 3131 544 3171 non
557 3107 683 3188 acquirit
696 3109 783 3167 homo
791 3109 842 3186 jus
851 3104 985 3184 justitia,
1016 3156 1020 3164 ,

26 3183 201 3244 sacundtlm
216 3185 336 3245 disten.
353 3187 416 3248 147.
464 3247 467 3252 ,
