2246 4096
8 3973 10 4061 l

339 249 342 256 ·
372 255 413 296 ou
434 254 646 298 runausnro.
918 237 974 294 199

38 397 111 458 teriae
121 393 151 454 in
165 395 283 456 lesione
297 394 458 468 charitatis,
481 416 539 458 non
554 407 652 458 tamen
673 397 703 456 in
716 393 910 456 fornicatione
925 407 975 454 aut

36 475 145 537 libidine
160 475 451 536 extramatrimoniali
465 489 567 550 contra
576 475 753 538 castitatem.

68 555 125 614 Alii
138 555 327 634 respondent,
349 555 428 634 qudd
443 556 472 616 S.
486 556 613 637 Thomas
627 557 658 618 id
671 555 751 616 dicat
764 556 858 616 solum
872 574 976 614 secun·

34 635 95 694 diun
110 635 188 713 quid,
204 645 348 713 quatenus
359 635 562 696 consideratur
576 635 749 716 obligatio&
762 646 900 714 respectu
915 633 975 692 Dei

32 719 193 793 &respectu
200 713 334 785 hominis,
342 713 379 774 eb
391 711 470 794 qubd
478 713 847 808 erp&sedcontra''‚'dicet:
857 712 973 790 “magis

32 794 262 872 obligaturbomo
274 793 341 854 Deo
352 814 438 874 quam
448 793 583 858 hommi.”
604 791 699 856 Boud.
713 807 734 856 t.
747 797 775 853 4.
791 795 857 852 134.

47 947 49 952 ι
65 873 129 952 Obj.
153 873 204 952 qui
214 873 324 952 juravit
338 873 408 934 dare
422 873 501 934 mille
514 875 648 947 florenos,
670 895 729 936 nou
744 885 850 956 peccat
863 883 969 932 morta·

30 951 90 1012 liter
103 951 127 1012 si
142 951 208 1012 illos
220 953 271 1012 det
284 951 380 1012 minus
394 973 452 1030 uno
466 973 541 1014 asse.
653 973 657 980 ·

62 1031 96 1090 R.
124 1025 243 1092 Similes
256 1052 340 1106 casus
353 1031 532 1094 resolvemus
546 1031 677 1112 Numero
692 1031 836 1112 sequenti.

61 1107 128 1170 XII.
143 1111 193 1172 Ex
208 1112 295 1172 dictis
308 1112 453 1192 generalis
466 1113 531 1174 haec
544 1113 693 1174 conclusio
750 1111 846 1172 actica
868 1112 972 1170 forma·

30 1203 77 1260 tur,
91 1189 173 1270 quod
196 1191 356 1271 perjurium
380 1193 593 1272 qualecumque
615 1191 686 1252 satis
729 1192 910 1260 eliberatum,
925 1191 973 1257 cui

30 1271 104 1330 deest
118 1290 158 1330 ex
176 1271 268 1334 libera
280 1273 439 1343 voluntate,
453 1271 561 1333 veritas
574 1271 622 1342 vel
638 1266 766 1332 formalis
792 1271 840 1330 vel
854 1269 973 1330 materi-

28 1349 80 1422 alis,
94 1369 212 1430 semper
236 1371 290 1431 sup
329 1352 359 1410 ni
381 1348 489 1412 debeat
510 1372 575 1414 esse
594 1351 717 1412 mortale
731 1361 905 1430 peccatum:
924 1350 972 1409 vel

28 1431 121 1490 saltem
135 1429 163 1490 si
182 1449 230 1490 res
244 1431 283 1490 sit
307 1431 377 1502 evis,
387 1431 514 1492 mortale
524 1443 680 1510 peccatum
695 1429 825 1500 dubium,
840 1430 973 1507 adeoque

27 1509 50 1567 in
62 1509 246 1571 confessione
260 1511 502 1591 exprimendum:
516 1511 591 1572 tanti
602 1503 785 1572 enimvalere
800 1510 890 1570 debet
904 1509 971 1568 doc·

27 1589 139 1650 barinas·
156 1587 287 1652 Thomae·
760 1625 763 1635 '

58 1747 93 1806 u.
113 1749 185 1808 roa.
205 1748 339 1809 casus
368 1745 566 1810 runcum
597 1725 935 1824 concinnatores

171 1827 462 1894 aumsuouuu
478 1827 825 1891 ,abscessurum

25 1987 44 2043 1.
66 1985 163 2045 Coeus
178 1977 418 2048 Summoesolatoe
440 1997 552 2126 mcltrpto
575 2008 633 2048 uno
656 2007 739 2066 uam,
765 1987 806 2046 11.
824 1986 974 2064 Costuju·
1061 2041 1064 2051 .

72 2085 148 2124 ram.
162 2067 197 2126 dc
210 2067 366 2144 reexipoo.
406 2065 463 2125 111.
501 2087 593 2126 uram.
620 2065 751 2128 Urbaoit.
791 2065 844 2124 IV.
857 2065 974 2126 Jurom.

73 2144 199 2205 Parent
238 2145 275 2205 V.
297 2145 440 2226 Superior
450 2145 674 2207 convoconssab
688 2145 866 2206 loramento.

56 2303 115 2362 AN
126 2303 219 2397 igitur
232 2315 338 2383 peccat
350 2301 521 2376 mortaliter,
536 2305 587 2384 qui
596 2305 707 2386 juravit
720 2305 833 2366 solvere
853 2305 909 2362 100
922 2305 973 2364 flo-

23 2402 109 2453 renos,
126 2403 154 2443 ει
167 2385 261 2444 solvat
274 2395 366 2445 totam
380 2404 523 2445 summam
534 2397 661 2464 excepto
674 2405 733 2444 uno
747 2385 834 2444 asse?

55 2461 79 2522 1.
93 2461 134 2522 R.
157 2463 323 2542 Negative:
342 2465 446 2528 verbm
472 2465 504 2523 id
526 2485 585 2524 non
612 2461 753 2544 provenit
767 2463 806 2524 ex
829 2463 974 2542 parvitate

23 2541 159 2614 materiae,
171 2544 225 2603 sed
238 2563 277 2604 ex
290 2541 349 2604 alia
367 2543 545 2614 conditione,
564 2544 635 2624 quia
658 2543 772 2605 scilicet
793 2541 918 2602 intentio
927 2546 975 2621 ju·

22 2621 106 2682 rantis
120 2623 218 2682 solum
231 2621 288 2682 fuit
300 2623 371 2683 dare
386 2622 504 2684 circiter
518 2641 572 2684 seu
588 2623 741 2688 ¹moraliter
757 2623 813 2680 100
836 2623 972 2694 florenos,

21 2702 99 2763 &bic
114 2713 164 2762 est
177 2721 280 2762 sensus
304 2701 484 2772 ordinarius;
504 2703 577 2764 item
599 2702 669 2783 quia
688 2703 771 2774 alter,
786 2701 835 2772 cui
853 2701 973 2780 juravit,

22 2801 73 2840 non
87 2781 186 2860 exigit
198 2781 279 2840 illum
293 2800 389 2842 assem
401 2785 458 2844 sub
468 2783 645 2862 obligatione
654 2781 823 2864 juramenti.
915 2855 921 2867 ¹

55 2861 94 2922 11.
117 2861 262 2924 Similiter
274 2881 376 2922 omnes
388 2863 467 2940 pene
481 2863 631 2934 Authores
645 2873 787 2924 conantur
799 2880 943 2922 excusare
958 2861 976 2920 ai

21 2939 146 3019 perjurio
172 2940 288 3002 mortali
315 2941 520 3020 promissiones
541 2941 656 3022 juratas
679 2961 778 3002 rerum
799 2941 972 3022 exiguarum

22 3039 73 3077 non
87 3019 273 3099 adimpletas,
287 3019 377 3100 idque
389 3021 437 3082 vel
451 3021 520 3101 quia
532 3022 703 3102 adimpletio
730 3041 788 3080 non
801 3020 931 3098 exigitur
944 3021 974 3078 vi

17 3099 182 3175 juramenti,
196 3100 243 3160 rel
264 3099 334 3178 quia
347 3100 382 3160 fit
403 3100 523 3172 inutilis,
537 3101 585 3164 vel
606 3101 675 3194 quia
696 3100 830 3180 subjecta
850 3099 973 3160 materia

21 3179 142 3238 similem
156 3179 355 3240 conditionem
367 3180 483 3251 tolerat,
494 3185 546 3243 dre.
585 3181 662 3241 Vrde
675 3181 785 3250 modos,
815 3179 901 3239 uibus
909 3199 973 3240 ces·

21 3275 80 3318 sare
94 3269 196 3338 potest
205 3261 414 3338 juramentum,
429 3259 517 3320 latius
530 3259 694 3340 explicatos
707 3259 783 3320 infra
826 3279 884 3318 um.
907 3260 972 3316 176.

54 3337 102 3396 111
118 3338 166 3398 Ita
174 3340 342 3417 juramenta
358 3340 531 3400 urbanitatis
541 3360 599 3402 non
613 3339 809 3420 procedendi,
823 3359 882 3398 uon
896 3339 972 3399 acci-

22 3417 119 3494 piendi
132 3417 210 3478 latus
223 3419 369 3489 dextrum,
392 3419 503 3479 babent
526 3407 602 3480 han'c
623 3418 840 3488 conditionem
860 3418 884 3477 si
898 3419 973 3478 alter

21 3508 156 3576 acceptet
167 3497 216 3558 vel
236 3499 397 3577 permittat,
414 3499 462 3558 vel
474 3499 499 3558 si
515 3498 653 3579 Superior
670 3499 831 3578 permittet,
856 3503 882 3556 dr
906 3497 972 3557 ideo

22 3577 112 3636 altero
125 3589 282 3638 recusante
303 3590 429 3639 cessant.
457 3578 524 3638 Bill.
537 3581 605 3638 353.

54 3657 100 3714 lV
111 3655 158 3716 Ita
172 3657 261 3716 etiam
272 3657 406 3718 excusari
424 3670 548 3736 possunt
561 3669 706 3738 parentes,
721 3655 772 3736 qui
788 3659 889 3734 jurant
903 3657 972 3716 dare

20 3733 83 3794 filiis
98 3735 272 3797 munuscula
281 3737 329 3803 vel
339 3737 458 3815 praemia
473 3738 614 3816 quaedam,
628 3739 653 3796 dr
667 3755 726 3796 non
739 3736 880 3813 implent;
904 3735 972 3812 quia

21 3815 132 3875 scilicet
162 3815 216 3874 filii
237 3837 296 3876 non
328 3817 451 3894 exigunt
473 3837 512 3877 ex
544 3816 640 3895 rigore
657 3814 826 3896 juramenti,
842 3818 875 3871 ’δι
903 3813 971 3892 quia

23 3907 157 3968 parentes
173 3907 243 3956 sunt
257 3896 367 3957 domini
380 3900 521 3956 bonorum
535 3901 560 3956 a
574 3894 731 3955 voluntatis
745 3912 910 3978 puerorum.
