2254 4072
144 184 212 249 878'
420 167 462 248 ns
483 203 656 250 semisses
675 200 838 249 tmusrra.

139 333 295 408 mortalem
312 337 466 426 sacrilegii,
481 339 597 408 etiamsi
610 341 734 428 peccota
747 347 797 408 illa
810 358 912 408 essent
926 345 1059 418 occulta,
1072 352 1102 417 tr,

142 427 167 487 si
178 428 297 506 insuper
310 427 408 487 forent
413 427 543 520 notoria,
559 426 696 520 Ecclesia
707 425 875 522 yiolsremr.
885 447 899 459 ¹²
935 467 950 480 ..
969 506 977 520 ι
1056 505 1062 519 Ι

142 505 486 665 prlslssstu
496 507 623 664 suls
639 505 1106 679 tgqusspuqqgrpgqqq

141 666 296 726 continent
308 666 472 744 periculum
486 665 703 744 proquinquum
717 665 894 744 pollutionis,
920 665 1107 726 corrtrabstm

141 745 254 805 malitia
267 743 412 824 sacrilegii
425 745 540 806 ratione
554 745 695 823 periculi:
709 745 779 805 hinc
793 743 935 806 consultu·
943 763 1071 823 semper
1081 745 1107 802 in

142 825 189 884 his
203 824 334 918 peccatis
358 825 534 904 exprimitur
548 824 578 884 iu
591 824 784 904 *confessione
798 825 1031 886 circumstantia
1054 823 1109 884 loci

194 923 229 962 n.
747 921 749 928 ·

142 923 254 1042 sacXII.
275 983 458 1044 Concubitus
472 982 598 1044 carnalis
614 986 772 1064 conjugum
795 982 826 1042 in
838 983 904 1045 loco
918 1003 1019 1054 sacro,
1047 983 1108 1044 sine

141 1062 330 1132 necessitate,
346 1063 442 1122 induit
454 1063 595 1124 malitiam
610 1063 765 1146 sacrilegii,
780 1075 815 1123 ut
827 1063 980 1148 colligitur
991 1082 1034 1124 ex
1045 1081 1107 1141 cap

143 1149 162 1180 ‘⁶
173 1141 349 1216 Ecclessiis”
373 1142 440 1202 dist.
449 1145 503 1201 ⁴68»
516 1141 625 1203 dioltur
638 1141 702 1202 sine
715 1139 904 1226 necessitate,
929 1143 1004 1222 quia
1017 1142 1059 1202 ali
1079 1143 1105 1200 ui

143 1233 289 1282 excusent
302 1226 453 1301 conjuges,
467 1222 538 1280 durn
552 1233 708 1300 coguntur,
722 1241 755 1292 a,
765 1243 795 1300 g.
808 1232 942 1302 ternpore
955 1221 1045 1292 belli,
1059 1163 1106 1281 diu

143 1301 250 1362 morari
264 1301 294 1360 in
309 1301 442 1380 Templo,
457 1301 482 1360 si
496 1302 673 1380 copulentur
686 1301 725 1362 ed
738 1301 858 1362 vitanda
868 1305 984 1385 majora
993 1301 1084 1362 mela

143 1539 181 1599 N.
217 1540 288 1614 292.
355 1539 416 1598 DD
457 1538 653 1600 PECCATO
693 1539 884 1600 CARNALI
926 1539 1107 1601 CONTRA

511 1617 739 1722 NrtTURdM.
969 1663 973 1674 .

343 1735 904 1858 semetprsserrsrs.
958 1857 961 1864 Ι

146 1935 171 1995 1.
190 1891 343 2016 cefissus
376 1937 431 1998 Ἠ.
444 1937 640 1997 nemus
657 1935 783 2017 sm.
822 1935 879 1995 111.
898 1935 1110 1998 maman

227 2083 230 2090 ,
341 2017 597 2095 mamere.
636 2017 690 2076 1v.
703 2015 906 2096 Propriam.

185 2175 289 2241 QUID
304 2185 351 2234 est
364 2169 653 2255 peccatum'carnale
665 2187 770 2236 contra
781 2177 941 2236 saturam?

182 2254 209 2313 1;
232 2255 270 2313 lt.
293 2253 641 2332 Estactus'libidinosus
663 2267 767 2316 contra
786 2267 923 2316 astruam
946 2274 1002 2316 seu
1015 2253 1106 2316 tinem

142 2335 229 2394 actus
243 2334 379 2412 venerei:
401 2335 451 2395 hic
464 2334 542 2399 enim
557 2353 596 2394 ex
609 2345 715 2394 nature
728 2353 781 2394 sua
794 2334 947 2395 ordinatur
959 2335 1000 2394 ad
1012 2355 1107 2414 gene·

143 2413 288 2474 rationem
309 2413 415 2492 prolis3
441 2419 467 2474 ἅ
488 2409 557 2474 idad
580 2414 637 2474 hoc
661 2425 817 2493 peccatum
841 2425 945 2474 contra
966 2426 1107 2474 naturam

144 2504 284 2554 censetur
294 2511 360 2553 esse
368 2493 486 2572 gravius
499 2493 615 2554 caeteris
624 2493 788 2572 speciebus,
802 2493 979 2586 inquantum
988 2495 1109 2555 scilicet

143 2571 202 2632 illae
215 2584 285 2632 sunt
297 2572 547 2632 contravirtutem
557 2571 712 2633 castitatis.
753 2573 801 2632 Ex
814 2573 873 2632 alto
886 2584 988 2634 tamen
1001 2575 1105 2654 capite

147 2663 273 2731 possunt
282 2652 350 2730 alie,
359 2652 473 2732 speeies
489 2671 555 2712 esse
569 2651 687 2731 majoris
700 2651 828 2712 malitias.
910 2674 913 2682 “

185 2729 225 2790 11.
247 2728 386 2810 Quinque
409 2731 596 2810 assignantur
610 2732 726 2810 species
738 2751 793 2792 seu
799 2731 886 2792 modi
899 2732 1018 2811 peccati
1034 2753 1107 2794 con·

145 2821 192 2870 tra
201 2822 346 2880 naturam,
359 2807 517 2870 nimirum:
541 2811 567 2868 1.
579 2811 753 2882 bestialitas,
766 2813 796 2870 2.
810 2812 943 2871 sodomia
955 2811 1106 2890 perfecta,

146 2891 174 2948 θ.
189 2890 320 2950 sodomia
333 2889 517 2968 imperfecta,
530 2893 559 2948 a
573 2889 703 2970 pollutio,
718 2892 747 2948 5.
755 2891 861 2950 modus
874 2890 1066 2952 inordinatus
1078 2894 1107 2952 in

145 2969 307 3030 concubitu
332 2969 476 3031 naturalis
509 2968 560 3030 hic
599 2970 671 3030 ordo
707 2969 936 3030 enumerationis
964 2970 1110 3051 designat

146 3067 206 3128 quo
227 3069 265 3110 ue
280 3048 413 3109 ordinem
427 3048 581 3128 pariatis
595 3048 720 3128 peccati.
741 3049 772 3108 S.
787 3049 844 3108 Tn.
855 3051 947 3110 alls
960 3049 1001 3109 ad
1011 3055 1046 3109 4.
1117 3063 1118 3070 ¹

184 3127 199 3187 1
233 3171 241 3188 .
261 3128 405 3199 Observa,
420 3128 502 3207 qudd
515 3127 630 3188 ratione
640 3127 930 3188 circunstantium
942 3141 1107 3207 pwoatum

144 3217 396 3270 contranaturam
419 3207 512 3286 possit
538 3207 628 3267 etiam
653 3207 803 3300 pertinere
826 3207 865 3267 ad
889 3207 962 3268 alias
976 3208 1117 3268 luxuria*

144 3287 278 3366 species;
298 3288 341 3348 sio
364 3287 496 3348 sodomia
518 3289 669 3370 conjugati
692 3287 731 3346 ed
754 3287 942 3358 adulterium,
968 3287 1108 3349 sodomia

145 3385 214 3427 cum
227 3365 453 3446 consanguineis
465 3367 504 3427 ad
514 3365 737 3436 incestuosum.
930 3391 933 3398 ·
1115 3419 1116 3423 ,

185 3445 239 3504 lv.
259 3447 317 3506 Pro
341 3446 426 3525 praxi
449 3448 572 3506 observa
594 3445 811 3506 damnationem
831 3445 1043 3524 propositionis
1057 3448 1107 3506 24.

146 3523 224 3583 inter
238 3525 390 3584 damnatas
403 3527 441 3585 ab
456 3523 545 3584 Alex.
558 3525 588 3583 V
588 3525 629 3583 11.
643 3533 662 3563 “
671 3523 819 3596 mollities,
829 3523 998 3591 sodousir&
1011 3527 1115 3599 bestiq

146 3603 232 3663 alites
259 3613 328 3662 sunt
354 3615 479 3681 peccata
514 3603 648 3695 ejusdem
668 3603 796 3682 speciei
827 3603 943 3673 infirme,
971 3603 1107 3684 ideoque

148 3681 254 3743 sufficit
264 3681 296 3740 in
310 3682 494 3742 confessione
508 3681 617 3764 dicere,
632 3699 664 3741 se
688 3701 861 3761 procurasse
879 3682 1106 3763 pollutionem·
