2256 4090
148 129 203 190 100
317 205 319 208 Ι
538 143 582 192 nr
602 143 697 188 voro.
791 187 794 196 ,

184 286 236 346 IV.
250 285 330 346 Nota
344 294 452 355 tamen
466 296 567 348 votum
578 286 754 368 quandoque
767 283 1000 362 nonsubsistere,
1010 290 1084 370 quod

145 367 180 425 fit
193 383 261 426 curn
275 382 374 426 errore
388 365 435 425 vel
449 365 614 443 ignorantia
627 365 749 447 alicujus
772 364 948 426 conditionis
961 369 1085 431 accidens-

145 445 220 515 ulis,
245 445 362 524 quando
383 445 498 504 scilicet
520 464 680 506 consensus
705 442 893 524 restringitur
906 447 954 506 vel
977 465 1084 527 suspen·

145 523 225 583 ditur
239 523 334 584 abillo
348 517 525 602 conditione,
540 523 601 584 sive
616 523 732 604 quando
747 525 878 584 conditio
892 523 942 585 illa
955 535 1000 586 est
1009 548 1085 590 causa

145 604 239 662 finalis
253 603 323 673 voti,
338 607 363 662 dr
378 603 461 682 quasi
471 614 533 662 tota
546 604 622 663 ratio
635 603 764 664 formalis
775 603 918 674 vovendi;
932 623 998 665 nam
1011 607 1085 668 deest

146 695 217 742 tunc
240 683 413 753 consensus,
432 683 521 742 &illa
544 683 674 744 conditio
698 681 813 743 incasu
826 703 884 742 non
908 693 1006 746 manet
1023 685 1085 764 puri

145 761 345 832 accidentalis,
360 763 413 822 sed
426 761 460 820 fit
474 761 673 824 substantialis
687 762 851 822 intentione
865 764 1006 823 voventis.

185 843 224 900 V.
242 843 323 901 Hinc
338 842 507 902 Canonistae
519 843 615 901 solent
630 843 747 901 dicere:
772 841 862 901 Error
876 843 957 903 circa
980 863 1084 904 camum

146 921 264 980 finalem
278 921 402 1000 impedit
425 919 554 980 valorem
567 920 637 991 voti,
661 938 720 980 nou
734 920 777 980 sic
791 937 873 981 error
888 919 968 982 circa
981 943 1086 984 causam

147 1001 242 1059 solnm
257 999 448 1079 impulsivam,
463 1000 656 1070 occasionem,
670 1000 717 1060 vel
729 997 933 1060 secundariam
944 1003 1087 1080 quamdam

147 1080 308 1138 rationem:
333 1078 412 1139 unde
427 1079 451 1138 si
472 1090 573 1138 votum
596 1084 622 1138 dr
645 1099 718 1158 opus
731 1079 863 1140 votivum
886 1079 1031 1158 eligantur
1043 1103 1088 1161 per

147 1160 265 1218 modum
278 1159 368 1220 medii
390 1159 428 1218 ad
442 1169 556 1218 certum
576 1158 665 1218 linem
678 1159 903 1237 impetrandum,
927 1179 1009 1220 error
1022 1161 1090 1222 circa

146 1239 235 1296 finem
249 1237 330 1297 illum
344 1237 401 1298 erit
414 1237 631 1300 substantiales
644 1243 670 1298 dr
831 1291 836 1298 .

188 1317 239 1375 VI.
261 1317 415 1376 ltavotum
425 1317 675 1408 peregrinationis,
690 1325 724 1376 ut
733 1327 825 1394 pater,
840 1317 891 1396 qui
905 1337 960 1395 per
973 1337 1091 1380 errorem

147 1397 305 1474 putabatur
327 1395 466 1466 infirmus,
490 1395 630 1456 liberetur
649 1397 668 1456 d
686 1397 825 1474 praesenti
840 1397 1020 1467 infirmitate,
1041 1419 1092 1458 non

149 1475 259 1553 obligat
272 1477 313 1535 ob
323 1495 450 1535 errorem
463 1495 560 1536 cavisse
573 1475 675 1536 finalis.
986 1526 991 1535 .

188 1555 236 1614 Ex
251 1555 337 1614 dictis
351 1565 516 1634 sequuntur
526 1556 573 1614 hae
586 1554 798 1615 resolutioness
867 1585 870 1592 Δ

188 1635 297 1694 Votum
311 1635 399 1694 dandi
413 1634 628 1714 eleemosynam
647 1635 738 1694 Petro
754 1634 887 1712 pauperi,
906 1634 959 1714 qui
974 1653 1035 1697 non
1050 1647 1095 1695 est

148 1733 268 1792 pauper,
282 1714 441 1774 invalidum
453 1725 502 1774 est
514 1716 550 1774 ob
564 1733 692 1775 errorem
705 1731 802 1774 causae
814 1713 917 1774 finalis.

187 1793 350 1855 Invalidum
365 1805 411 1854 est
424 1804 525 1856 votum
538 1791 720 1870 ingrediendi
740 1793 936 1871 Religionem,
956 1793 982 1853 si
994 1813 1095 1854 vovens

149 1873 263 1950 ignoret
287 1873 395 1932 ibidem
418 1872 546 1950 obligare
567 1870 773 1932 abstinentiam
797 1869 815 1931 d
836 1872 972 1932 carnibus
997 1893 1096 1952 perpe-

148 1963 238 2020 tuam,
253 1952 321 2030 quia
335 1963 380 2012 est
394 1971 473 2014 error
484 1951 657 2016 conditionis
667 1950 857 2012 redundantis
868 1951 898 2010 in
909 1953 1095 2030 substantiam

147 2051 186 2090 ex
201 2029 361 2090 intentione
376 2029 516 2090 voventis.

189 2109 220 2170 si
235 2109 327 2188 Belga
340 2109 452 2182 voverit
465 2107 730 2188 peregrinationem
742 2108 914 2180 Romanam,
928 2109 1098 2170 existimans

150 2187 318 2248 distantiam
332 2209 397 2248 esse
412 2187 591 2252 solummodo
604 2191 644 2248 to
658 2189 817 2258 leucarum,
838 2200 938 2250 votum
958 2209 1019 2250 non
1033 2185 1106 2268 obli-3

149 2279 209 2345 gat,
225 2267 293 2346 quia
307 2287 387 2328 error
401 2279 447 2328 est
460 2265 666 2338 substantialis.
884 2341 888 2348 ⁸
951 2265 954 2270 ’

189 2345 219 2406 Si
247 2359 356 2423 autem,
372 2367 560 2426 cognoscens,
576 2346 742 2408 distantiam
766 2349 792 2406 dr
815 2345 1014 2424 necessarium
1037 2347 1106 2426 iter„

147 2437 227 2490 erret
246 2422 340 2486 solum
361 2426 439 2491 circa
456 2425 656 2488 amoenitatem
676 2423 797 2495 itineris,
818 2447 899 2488 error
916 2427 1106 2508 reputabiturp

147 2501 345 2574 accidentalis,
360 2509 385 2564 dr
398 2517 498 2566 votum
511 2503 647 2566 validum.

187 2585 237 2642 An
247 2597 347 2644 votum
362 2585 451 2644 debet
464 2605 580 2664 semper
595 2583 710 2648 censeri
723 2583 881 2646 invalidum
894 2579 1016 2648 defectu
1030 2605 1097 2645 con·

150 2665 254 2722 sensiis
276 2685 315 2724 ex
337 2684 382 2734 eo,
406 2663 486 2742 quod
510 2661 575 2744 quis
596 2661 691 2725 dicat:
712 2663 737 2726 si
757 2663 814 2724 hoc
832 2676 902 2724 ante
924 2677 1026 2724 votum
1048 2664 1106 2744 sci-l

146 2741 261 2812 vissem,
276 2764 340 2802 non,
348 2743 516 2804 vovissem?
534 2796 537 2800 .

187 2819 255 2882 Vll.
278 2821 315 2882 R.
336 2821 501 2916 Negative:
524 2825 566 2880 1⁰.
590 2821 659 2902 qnia
682 2821 775 2882 simile
799 2821 944 2905 judicium
964 2821 1101 2902 provenit

147 2922 187 2962 sae
209 2922 279 2962 eex
292 2913 454 2968 mutatione
473 2901 564 2982 ipsius
581 2901 748 2972 voluntatis,
767 2922 831 2980 quae
848 2913 915 2980 post
931 2914 1035 2962 votum
1055 2921 1106 2962 ac-

147 2979 173 3040 ci
196 2981 227 3040 it.
267 2983 312 3040 20.
335 2979 466 3048 Deinde.
478 2981 509 3043 id
533 2981 647 3042 dicitur·
662 2981 835 3060 quandoque
858 3001 898 3042 ex
915 2979 973 3040 levi
993 3001 1106 3048 causas

143 3063 204 3137 jam
228 3073 409 3126 autemnon
432 3059 626 3140 praesumitur,
651 3059 732 3140 qudd
754 3061 841 3120 homo
863 3059 991 3138 prudeus
1014 3059 1047 3118 in
1072 3081 1103 3120 re

125 3163 127 3167 ·
146 3139 236 3216 gravi,
246 3151 285 3202 ,ut
298 3152 345 3200 est
358 3153 468 3209 votum,
485 3152 630 3208 mutasset
641 3139 768 3202 animum
789 3159 829 3199 ex
848 3137 906 3199 levi
920 3157 1017 3200 causa.
1060 3141 1104 3196 3⁰.

149 3217 253 3278 Tertid
276 3217 401 3298 idipsum
423 3241 501 3306 saepe
523 3219 673 3298 ignoratur
692 3217 763 3300 quid
780 3217 867 3278 homo
886 3221 956 3280 tunc
970 3218 1106 3278 facturus

146 3296 267 3358 fuissetz
295 3299 372 3359 unde
396 3297 451 3360 nisi
478 3297 568 3358 fuerit
594 3296 758 3378 ignorantia
784 3295 863 3360 circa
889 3297 1104 3364 substantialia,

143 3379 231 3452 Juxta
250 3377 428 3456 supradicta,
450 3377 497 3439 vel
515 3377 572 3438 nisi
592 3373 714 3446 actualis
733 3375 799 3438 talis
818 3375 989 3438 constitutio
1003 3379 1030 3436 81
1045 3375 1106 3458 dis7

147 3475 250 3519 sensus
271 3451 399 3516 adfuisse
421 3459 561 3536 probetur
580 3478 615 3520 eo
636 3455 776 3536 ternpore,
797 3476 854 3536 quo
875 3465 975 3518 votum
994 3455 1106 3524 emisit,

147 3535 259 3599 dictum
281 3538 344 3614 ejus
359 3557 424 3620 ‘non
441 3535 636 3616 'acceptatum
654 3537 741 3618 multi
763 3535 843 3598 enim
863 3530 960 3596 valide
982 3533 1012 3594 in
1025 3531 1106 3592 ‘reli-

146 3613 233 3691 gione
241 3676 249 3706 ¹.
257 3613 382 3707 professi
401 3636 460 3700 pgp
483 3615 646 3704 vovissent,
669 3616 694 3681 si
716 3635 800 3678 casus
822 3627 890 3694 post
912 3615 1106 3686 occurrentes

149 3705 373 3780 praescivissent,
473 3773 477 3784 Ι
532 3751 535 3758 ,
618 3729 659 3760 ,-

385 3985 497 4052 Α
