2254 4072
149 151 209 210 408
249 217 252 225 ι
578 173 687 226 innan

149 247 230 290 nun.
1023 255 1086 296 sno.

150 311 187 368 07
210 309 318 372 Votum
349 311 414 374 sine
440 314 592 376 voluntate
618 335 651 376 se
678 314 826 394 obligandi
850 327 898 376 est
919 315 1019 376 invali-

210 391 609 550 Votfflimibsquc'volunnte
623 439 773 614 implendi,
784 441 1012 546 calvationem
1055 397 1091 535 111
1107 414 1108 464 1

150 549 189 608 78
210 549 319 612 Votum
331 550 420 612 debet
433 572 499 615 csse
507 554 641 633 perfecte
675 553 860 625 eliberatnm,
1057 555 1108 614 tt*

150 629 189 687 79
208 630 318 690 Votum
331 649 371 690 ex
383 643 474 704 metu,
488 634 579 695 etiam
591 633 684 714 gravi,
698 643 746 694 est
757 635 897 706 validtim,
1060 635 1093 694 io.

209 709 320 770 Votum
342 711 474 774 solemne
497 733 537 776 ex
558 725 642 776 metu
664 723 713 774 est
735 714 851 776 irritum
861 718 930 796 jure
942 716 1020 794 posi·
1059 796 1091 853 98

268 788 338 861 tivo,
704 795 738 856 .ss.

151 869 191 926 00
212 866 310 940 Error,
338 869 423 931 dolus
453 873 501 933 vel
527 872 691 953 ignorantia
717 873 799 936 circa
824 873 1020 936 substantiam

269 949 340 1020 voti,
354 949 427 1011 illud
440 951 564 1023 irritant,
656 991 661 1004 ι
766 973 774 986 ·
1059 953 1093 1011 99

210 1025 279 1090 Non
292 1027 336 1092 sio
349 1049 430 1092 error
442 1031 641 1104 accidenfflis,
831 1087 839 1102 ,
1044 1034 1093 1090 100

127 1139 132 1154 -
211 1107 657 1174 Erroreircaoausamlinalem
669 1111 795 1193 impedit
809 1123 919 1184 votnm,
1060 1110 1092 1171 ill

150 1186 189 1246 81
212 1187 322 1248 Votum
336 1201 382 1252 est
395 1209 443 1251 res
457 1190 583 1262 concilii,
1043 1192 1090 1251 llll

152 1267 191 1324 82
211 1266 320 1328 Votum
345 1280 392 1330 eat
415 1281 499 1332 actus
521 1271 624 1342 latriae,
645 1291 699 1333 seu
721 1272 840 1334 virtutis
859 1270 1025 1350 Religionis

270 1347 404 1418 elicitua;
427 1350 481 1410 sed
504 1351 643 1413 executio
656 1371 736 1432 saepe
749 1363 797 1414 eat
808 1363 894 1414 actua
908 1351 1023 1430 Religi-

176 1451 186 1478 ·
269 1426 443 1490 anissoltlm
456 1429 625 1509 imperatam,
1062 1429 1095 1489 ib.

151 1505 191 1566 89
210 1505 320 1566 Votum
342 1507 403 1569 late
420 1509 531 1570 dictum
544 1510 579 1572 lit
593 1510 710 1572 Sanctis
723 1515 749 1570 ἅ
762 1522 810 1573 est
822 1522 907 1572 aonia
920 1509 1021 1581 duliae,
1046 1510 1095 1567 102

271 1586 382 1648 Sensus
395 1589 549 1650 verborum
562 1590 751 1670 professionis
764 1591 918 1671 misinen,
1063 1585 1096 1647 ib.

151 1665 192 1722 84
212 1663 341 1728 Materia
354 1667 487 1747 proxima
498 1670 560 1730 voti
572 1671 665 1732 debet
677 1689 744 1731 ease
756 1672 866 1732 bonnm
878 1669 996 1740 maim,
1048 1669 1097 1725 103

150 1745 192 1804 80
213 1743 330 1808 Devoto
341 1750 424 1808 cu'us
434 1767 571 1827 unapars
585 1761 632 1810 est
641 1750 828 1830 impossibilis
841 1751 889 1812 vel
902 1749 1018 1818 illicita,
1047 1748 1095 1805 104

152 1825 191 1883 80
212 1823 323 1886 Votum
336 1767 448 1906 obiigat
461 1829 558 1922 quoad
569 1830 765 1892 summanum
786 1830 860 1892 licet
883 1827 1029 1892 accidens

269 1903 322 1968 list
335 1906 523 1986 impossibile,
1047 1897 1094 1966 105

211 1983 355 2046 Cessante
368 1997 437 2048 voto
450 1987 754 2060 cessantaccessosia
1064 1985 1095 2046 in

151 2062 188 2120 87
211 2062 365 2129 Quomodo
378 2066 490 2146 obligat
501 2079 603 2130 sonam
613 2088 675 2128 non
688 2067 841 2148 peccandi,
1050 2067 1096 2125 106
1109 2073 1110 2082 ’

150 2141 190 2202 98
211 2143 377 2216 Anvotum
391 2145 429 2206 de
443 2147 566 2208 remola
579 2147 672 2227 possit
685 2167 751 2209 esse
764 2147 901 2217 validm,
1064 2145 1096 2206 11,

209 2221 300 2284 Vovit
313 2224 378 2304 quis
390 2225 573 2306 religionem
592 2227 691 2288 ntfiat
704 2229 815 2298 Abbaa,
985 2249 1021 2287 .’..
1065 2224 1098 2283 ib·

208 2301 474 2367 Quaesnodevoto
486 2306 608 2400 Jephte‚
1049 2305 1096 2362 107

149 2379 189 2438 80
209 2380 259 2442 Dc
272 2395 343 2444 voto
355 2383 485 2445 valido&
498 2385 609 2458 illicito,
1049 2383 1098 2442 1⁰⁸

208 2461 258 2522 De
270 2475 341 2524 voto
353 2476 458 2526 contra
467 2465 573 2544 legem,
583 2466 631 2526 vel
644 2477 747 2526 contra
756 2465 837 2547 prius
850 2475 959 2535 nomm,
1091 2503 1097 2519 ·

210 2539 320 2602 Votum
335 2544 490 2623 prodigum
503 2556 551 2606 est
563 2545 731 2615 invalidum,
1066 2542 1072 2555 '

152 2617 192 2678 90
212 2618 323 2682 Votum
350 2623 440 2684 debet
466 2643 534 2686 esse
558 2625 597 2686 de
623 2624 737 2686 meliori
758 2625 837 2686 bono
860 2623 890 2684 in
916 2641 950 2684 se
977 2623 1028 2684 vel

267 2702 443 2782 respectiva
492 2734 495 2746 ¹
709 2748 729 2766 n
987 2747 1023 2766 m
1049 2701 1096 2794 ιφ

209 2778 308 2842 Datur
321 2794 405 2843 actos
418 2785 522 2853 bontas,
537 2783 588 2863 qni
602 2801 660 2843 non
673 2795 721 2844 est
732 2781 936 2852 materiavon,
1064 2782 1096 2840 lb·

210 2859 391 2940 Intelllgitur
403 2864 512 2923 bonum
525 2862 630 2922 melius
643 2863 733 2942 quiin
747 2867 812 2944 ejus
825 2861 1003 2944 oppositum,
1064 2859 1095 2920 ib·

151 2939 189 2998 91
212 2939 322 3000 Votum
336 2941 374 3002 de
387 2952 457 3007 actu
471 2941 651 3003 indifferenti
664 2954 711 3005 eat
724 2942 892 3013 invalidum,
1047 2939 1094 3000 lll

212 3017 296 3080 Sicut
309 3025 335 3080 81
348 3021 467 3082 votade
481 3023 569 3082 rebus
582 3021 744 3094 inutilibus,
1066 3019 1096 3078 in.

210 3097 291 3163 Quid
301 3099 339 3160 dc
349 3111 418 3160 voto
431 3121 491 3162 non
504 3099 639 3170 vovendi,
1064 3099 1095 3158 ib.

211 3176 395 3259 Quintuplex
408 3180 532 3242 materia
546 3181 648 3260 inepta
656 3180 727 3252 voti,
1064 3178 1094 3237 ib.

150 3257 190 3316 92
211 3256 328 3319 Vovere
349 3279 412 3320 rem
435 3261 606 3340 incapacem
630 3261 702 3333 voti,
727 3271 775 3322 est
792 3259 898 3322 saltem
911 3259 1029 3320 veniale

307 3351 433 3411 ccatnm,

210 3357 365 3482 (1001110οο
378 3418 564 3498 peccetficte
578 3437 696 3490 vovens,

210 3495 261 3554 An
274 3509 389 3575 peccet,
404 3517 491 3591 quem
506 3498 632 3578 poenitet
641 3499 703 3558 voti
716 3497 797 3568 facti,

150 3573 190 3631 90
210 3573 343 3636 Effectus
357 3588 419 3670 voti
429 3588 476 3670 est
489 3577 628 3670 obligatio
639 3577 812 3670 Religionis,
827 3576 878 3669 illa
886 3575 1029 3655 obligatio

209 3656 1032 3815 1011311110111100111311111,1,

267 3813 407 3885 levi‚non
422 3815 565 3885 econtra,
1062 3812 1093 3872 in.
