<?xml version="1.0" encoding="UTF-8"?>
<!DOCTYPE html PUBLIC "-//W3C//DTD XHTML 1.0 Transitional//EN"
    "http://www.w3.org/TR/xhtml1/DTD/xhtml1-transitional.dtd">
<html xmlns="http://www.w3.org/1999/xhtml" xml:lang="en" lang="en">
 <head>
  <title>
</title>
<meta http-equiv="Content-Type" content="text/html;charset=utf-8" />
  <meta name='ocr-system' content='tesseract 3.04.00' />
  <meta name='ocr-capabilities' content='ocr_page ocr_carea ocr_par ocr_line ocrx_word'/>
</head>
<body>
  <div class='ocr_page' id='page_1' title='image "./theologiamorali04densgoog_0388.png"; bbox 0 0 2254 4072; ppageno 0'>
   <div class='ocr_carea' id='block_1_1' title="bbox 309 183 1010 244">
    <p class='ocr_par' dir='ltr' id='par_1_1' title="bbox 309 183 1010 244">
     <span class='ocr_line' id='line_1_1' title="bbox 309 183 1010 244; baseline 0.011 -7"><span class='ocrx_word' id='word_1_1' title='bbox 309 195 351 238; x_wconf 83' lang='lat' dir='ltr'><strong>uu</strong></span> <span class='ocrx_word' id='word_1_2' title='bbox 373 195 542 240; x_wconf 79' lang='lat' dir='ltr'><strong>srrcrsnue</strong></span> <span class='ocrx_word' id='word_1_3' title='bbox 563 195 725 240; x_wconf 70' lang='lat' dir='ltr'><strong>nuruum.</strong></span> <span class='ocrx_word' id='word_1_4' title='bbox 929 183 1010 244; x_wconf 79' lang='lat'>381·</span> 
     </span>
    </p>
   </div>
   <div class='ocr_carea' id='block_1_2' title="bbox 28 336 1075 3511">
    <p class='ocr_par' dir='ltr' id='par_1_2' title="bbox 30 336 990 576">
     <span class='ocr_line' id='line_1_2' title="bbox 30 336 990 430; baseline 0.007 -35"><span class='ocrx_word' id='word_1_5' title='bbox 30 347 124 415; x_wconf 81' lang='lat' dir='ltr'><strong>aptus</strong></span> <span class='ocrx_word' id='word_1_6' title='bbox 147 336 340 416; x_wconf 84' lang='lat' dir='ltr'><strong>generationi,</strong></span> <span class='ocrx_word' id='word_1_7' title='bbox 364 337 530 430; x_wconf 77' lang='lat' dir='ltr'><strong>proptered,</strong></span> <span class='ocrx_word' id='word_1_8' title='bbox 554 337 580 397; x_wconf 90' lang='lat' dir='ltr'><strong>si</strong></span> <span class='ocrx_word' id='word_1_9' title='bbox 603 337 764 400; x_wconf 81' lang='lat' dir='ltr'><strong>delectatio</strong></span> <span class='ocrx_word' id='word_1_10' title='bbox 782 357 910 400; x_wconf 76' lang='lat' dir='ltr'><strong>venerea</strong></span> <span class='ocrx_word' id='word_1_11' title='bbox 930 359 990 402; x_wconf 90' lang='lat' dir='ltr'><strong>non</strong></span> 
     </span>
     <span class='ocr_line' id='line_1_3' title="bbox 30 415 990 496; baseline 0.005 -21"><span class='ocrx_word' id='word_1_12' title='bbox 30 415 204 487; x_wconf 83' lang='lat' dir='ltr'><strong>comitetur,</strong></span> <span class='ocrx_word' id='word_1_13' title='bbox 218 417 300 496; x_wconf 78' lang='lat' dir='ltr'><strong>parvi</strong></span> <span class='ocrx_word' id='word_1_14' title='bbox 313 423 485 478; x_wconf 81' lang='lat' dir='ltr'><strong>aestrmatu&#39;r.</strong></span> <span class='ocrx_word' id='word_1_15' title='bbox 525 417 574 479; x_wconf 88' lang='lat' dir='ltr'><strong>De</strong></span> <span class='ocrx_word' id='word_1_16' title='bbox 584 415 774 479; x_wconf 78' lang='lat' dir='ltr'><strong>distillatione</strong></span> <span class='ocrx_word' id='word_1_17' title='bbox 787 417 990 482; x_wconf 73' lang='lat' dir='ltr'><strong>videNeesen</strong></span> 
     </span>
     <span class='ocr_line' id='line_1_4' title="bbox 30 495 690 576; baseline 0.009 -24"><span class='ocrx_word' id='word_1_18' title='bbox 30 495 73 554; x_wconf 91' lang='lat' dir='ltr'><strong>de</strong></span> <span class='ocrx_word' id='word_1_19' title='bbox 89 495 218 557; x_wconf 86' lang='lat' dir='ltr'><strong>Euchsr.</strong></span> <span class='ocrx_word' id='word_1_20' title='bbox 233 515 262 576; x_wconf 89' lang='lat' dir='ltr'><strong>q.</strong></span> <span class='ocrx_word' id='word_1_21' title='bbox 275 499 304 555; x_wconf 88' lang='lat'><strong>6.</strong></span> <span class='ocrx_word' id='word_1_22' title='bbox 318 495 387 557; x_wconf 91' lang='lat' dir='ltr'><strong>dub.</strong></span> <span class='ocrx_word' id='word_1_23' title='bbox 400 499 430 556; x_wconf 87' lang='grc'><strong>5.</strong></span> <span class='ocrx_word' id='word_1_24' title='bbox 686 509 690 518; x_wconf 89' lang='grc'><strong>’</strong></span> 
     </span>
    </p>

    <p class='ocr_par' dir='ltr' id='par_1_3' title="bbox 29 575 989 732">
     <span class='ocr_line' id='line_1_5' title="bbox 72 575 989 656; baseline 0.011 -24"><span class='ocrx_word' id='word_1_25' title='bbox 72 575 129 633; x_wconf 89' lang='lat' dir='ltr'><strong>IV.</strong></span> <span class='ocrx_word' id='word_1_26' title='bbox 149 576 246 636; x_wconf 78' lang='lat' dir='ltr'><strong>Psobu</strong></span> <span class='ocrx_word' id='word_1_27' title='bbox 270 575 462 656; x_wconf 84' lang='lat' dir='ltr'><strong>pollutionem</strong></span> <span class='ocrx_word' id='word_1_28' title='bbox 498 575 663 656; x_wconf 74' lang='lat' dir='ltr'><strong>simplicem</strong></span> <span class='ocrx_word' id='word_1_29' title='bbox 700 577 895 640; x_wconf 83' lang='lat' dir='ltr'><strong>voluntariam</strong></span> <span class='ocrx_word' id='word_1_30' title='bbox 923 595 989 642; x_wconf 88' lang='lat' dir='ltr'><strong>esse</strong></span> 
     </span>
     <span class='ocr_line' id='line_1_6' title="bbox 29 655 724 732; baseline 0.01 -20"><span class='ocrx_word' id='word_1_31' title='bbox 29 666 192 732; x_wconf 80' lang='lat' dir='ltr'><strong>peccatum</strong></span> <span class='ocrx_word' id='word_1_32' title='bbox 206 655 339 716; x_wconf 79' lang='lat' dir='ltr'><strong>mortale.</strong></span> <span class='ocrx_word' id='word_1_33' title='bbox 542 667 545 672; x_wconf 82' lang='lat'>&#39;</span> <span class='ocrx_word' id='word_1_34' title='bbox 595 669 599 675; x_wconf 75' lang='grc'>’</span> <span class='ocrx_word' id='word_1_35' title='bbox 719 665 724 676; x_wconf 79' lang='grc'><em>“</em></span> 
     </span>
    </p>

    <p class='ocr_par' dir='ltr' id='par_1_4' title="bbox 29 733 989 988">
     <span class='ocr_line' id='line_1_7' title="bbox 71 733 989 818; baseline 0.009 -27"><span class='ocrx_word' id='word_1_36' title='bbox 71 733 114 792; x_wconf 85' lang='lat' dir='ltr'><strong>V.</strong></span> <span class='ocrx_word' id='word_1_37' title='bbox 135 735 172 794; x_wconf 89' lang='lat' dir='ltr'><strong>R.</strong></span> <span class='ocrx_word' id='word_1_38' title='bbox 193 735 339 796; x_wconf 76' lang='lat' dir='ltr'><strong>Probatur</strong></span> <span class='ocrx_word' id='word_1_39' title='bbox 352 753 392 795; x_wconf 89' lang='lat' dir='ltr'><strong>ex</strong></span> <span class='ocrx_word' id='word_1_40' title='bbox 406 735 462 814; x_wconf 87' lang='lat' dir='ltr'><strong>Ep.</strong></span> <span class='ocrx_word' id='word_1_41' title='bbox 478 735 517 796; x_wconf 83' lang='lat' dir='ltr'><strong>ed</strong></span> <span class='ocrx_word' id='word_1_42' title='bbox 534 737 560 796; x_wconf 87' lang='lat'><strong>1.</strong></span> <span class='ocrx_word' id='word_1_43' title='bbox 575 735 643 796; x_wconf 89' lang='lat' dir='ltr'><strong>Cor.</strong></span> <span class='ocrx_word' id='word_1_44' title='bbox 666 737 695 794; x_wconf 89' lang='grc'><strong>6.</strong></span> <span class='ocrx_word' id='word_1_45' title='bbox 708 735 760 797; x_wconf 89' lang='lat' dir='ltr'><strong>ubi</strong></span> <span class='ocrx_word' id='word_1_46' title='bbox 773 737 989 818; x_wconf 66' lang='lat' dir='ltr'><strong>dicitunpudd</strong></span> 
     </span>
     <span class='ocr_line' id='line_1_8' title="bbox 29 813 988 896; baseline 0.011 -26"><span class='ocrx_word' id='word_1_47' title='bbox 29 813 169 874; x_wconf 87' lang='lat' dir='ltr'><strong>“molles</strong></span> <span class='ocrx_word' id='word_1_48' title='bbox 181 832 306 894; x_wconf 84' lang='lat' dir='ltr'><strong>regnum</strong></span> <span class='ocrx_word' id='word_1_49' title='bbox 321 815 381 874; x_wconf 89' lang='lat' dir='ltr'><strong>Dei</strong></span> <span class='ocrx_word' id='word_1_50' title='bbox 393 835 452 875; x_wconf 91' lang='lat' dir='ltr'><strong>non</strong></span> <span class='ocrx_word' id='word_1_51' title='bbox 466 815 687 895; x_wconf 80' lang='lat' dir='ltr'><strong>possidebunt.”</strong></span> <span class='ocrx_word' id='word_1_52' title='bbox 727 817 821 896; x_wconf 84' lang='lat' dir='ltr'><strong>Atqui</strong></span> <span class='ocrx_word' id='word_1_53' title='bbox 835 837 921 880; x_wconf 85' lang='lat' dir='ltr'><strong>nemo</strong></span> <span class='ocrx_word' id='word_1_54' title='bbox 936 838 988 879; x_wconf 83' lang='lat' dir='ltr'><strong>ex·</strong></span> 
     </span>
     <span class='ocr_line' id='line_1_9' title="bbox 30 892 988 988; baseline 0.008 -38"><span class='ocrx_word' id='word_1_55' title='bbox 30 892 166 956; x_wconf 91' lang='lat' dir='ltr'><strong>cluditur</strong></span> <span class='ocrx_word' id='word_1_56' title='bbox 180 894 198 954; x_wconf 76' lang='lat' dir='ltr'><strong>d</strong></span> <span class='ocrx_word' id='word_1_57' title='bbox 212 895 318 974; x_wconf 88' lang='lat' dir='ltr'><strong>Regno</strong></span> <span class='ocrx_word' id='word_1_58' title='bbox 331 893 400 965; x_wconf 91' lang='lat' dir='ltr'><strong>Dei,</strong></span> <span class='ocrx_word' id='word_1_59' title='bbox 414 895 471 954; x_wconf 90' lang='lat' dir='ltr'><strong>nisi</strong></span> <span class='ocrx_word' id='word_1_60' title='bbox 484 897 522 955; x_wconf 91' lang='lat' dir='ltr'><strong>cb</strong></span> <span class='ocrx_word' id='word_1_61' title='bbox 532 907 688 988; x_wconf 68' lang='lat' dir='ltr'><strong>peccatum</strong></span> <span class='ocrx_word' id='word_1_62' title='bbox 696 897 831 966; x_wconf 75' lang='lat' dir='ltr'><strong>mortale,</strong></span> <span class='ocrx_word' id='word_1_63' title='bbox 844 903 923 976; x_wconf 78' lang='lat' dir='ltr'><strong>ergo,</strong></span> <span class='ocrx_word' id='word_1_64' title='bbox 935 901 988 958; x_wconf 81' lang='lat' dir='ltr'><strong>&amp;c</strong></span> 
     </span>
    </p>

    <p class='ocr_par' dir='ltr' id='par_1_5' title="bbox 29 971 989 1268">
     <span class='ocr_line' id='line_1_10' title="bbox 73 971 988 1056; baseline 0.007 -24"><span class='ocrx_word' id='word_1_65' title='bbox 73 971 221 1034; x_wconf 74' lang='lat' dir='ltr'><strong>Consistit</strong></span> <span class='ocrx_word' id='word_1_66' title='bbox 244 985 344 1034; x_wconf 83' lang='lat' dir='ltr'><strong>eutem</strong></span> <span class='ocrx_word' id='word_1_67' title='bbox 367 975 433 1035; x_wconf 80' lang='lat' dir='ltr'><strong>haec</strong></span> <span class='ocrx_word' id='word_1_68' title='bbox 443 974 559 1056; x_wconf 76' lang='lat' dir='ltr'><strong>mulitia</strong></span> <span class='ocrx_word' id='word_1_69' title='bbox 571 975 664 1046; x_wconf 72' lang='lat' dir='ltr'><strong>ineo,</strong></span> <span class='ocrx_word' id='word_1_70' title='bbox 676 973 869 1054; x_wconf 82' lang='lat' dir='ltr'><strong>quddseruen</strong></span> <span class='ocrx_word' id='word_1_71' title='bbox 883 977 988 1038; x_wconf 84' lang='lat' dir='ltr'><strong>hume·</strong></span> 
     </span>
     <span class='ocr_line' id='line_1_11' title="bbox 30 1051 989 1134; baseline 0.008 -26"><span class='ocrx_word' id='word_1_72' title='bbox 30 1069 107 1110; x_wconf 89' lang='lat' dir='ltr'><strong>num</strong></span> <span class='ocrx_word' id='word_1_73' title='bbox 121 1053 152 1111; x_wconf 90' lang='lat' dir='ltr'><strong>in</strong></span> <span class='ocrx_word' id='word_1_74' title='bbox 166 1051 205 1114; x_wconf 82' lang='lat' dir='ltr'><strong>se</strong></span> <span class='ocrx_word' id='word_1_75' title='bbox 213 1053 369 1114; x_wconf 86' lang='lat' dir='ltr'><strong>continens</strong></span> <span class='ocrx_word' id='word_1_76' title='bbox 381 1053 525 1116; x_wconf 87' lang='lat' dir='ltr'><strong>virtutem</strong></span> <span class='ocrx_word' id='word_1_77' title='bbox 542 1055 715 1134; x_wconf 77' lang='lat' dir='ltr'><strong>generandi,</strong></span> <span class='ocrx_word' id='word_1_78' title='bbox 729 1059 755 1114; x_wconf 79' lang='lat' dir='ltr'><strong>dr</strong></span> <span class='ocrx_word' id='word_1_79' title='bbox 768 1055 935 1118; x_wconf 77' lang='lat' dir='ltr'><strong>ordinatum</strong></span> <span class='ocrx_word' id='word_1_80' title='bbox 949 1057 989 1117; x_wconf 82' lang='lat' dir='ltr'><strong>ed</strong></span> 
     </span>
     <span class='ocr_line' id='line_1_12' title="bbox 29 1129 988 1268; baseline 0.007 -79"><span class='ocrx_word' id='word_1_81' title='bbox 29 1129 134 1268; x_wconf 66' lang='lat' dir='ltr'><strong>pobilc</strong></span> <span class='ocrx_word' id='word_1_82' title='bbox 161 1151 235 1213; x_wconf 87' lang='lat' dir='ltr'><strong>opus</strong></span> <span class='ocrx_word' id='word_1_83' title='bbox 258 1133 456 1214; x_wconf 78' lang='lat' dir='ltr'><strong>generationis</strong></span> <span class='ocrx_word' id='word_1_84' title='bbox 487 1133 622 1205; x_wconf 90' lang='lat' dir='ltr'><strong>hominis,</strong></span> <span class='ocrx_word' id='word_1_85' title='bbox 641 1133 855 1196; x_wconf 79' lang='lat' dir='ltr'><strong>¹inntstursliter</strong></span> <span class='ocrx_word' id='word_1_86' title='bbox 882 1136 988 1216; x_wconf 74' lang='lat' dir='ltr'><strong>deper-</strong></span> 
     </span>
    </p>

    <p class='ocr_par' dir='ltr' id='par_1_6' title="bbox 49 1221 865 1270">
     <span class='ocr_line' id='line_1_13' title="bbox 49 1221 865 1270; baseline 0.006 0"><span class='ocrx_word' id='word_1_87' title='bbox 49 1221 130 1270; x_wconf 74' lang='lat' dir='ltr'><strong>atur.</strong></span> <span class='ocrx_word' id='word_1_88' title='bbox 863 1247 865 1252; x_wconf 96' lang='lat'>·</span> 
     </span>
    </p>

    <p class='ocr_par' dir='ltr' id='par_1_7' title="bbox 28 1289 986 1532">
     <span class='ocr_line' id='line_1_14' title="bbox 72 1289 986 1373; baseline 0.009 -23"><span class='ocrx_word' id='word_1_89' title='bbox 72 1289 189 1352; x_wconf 81' lang='lat' dir='ltr'><strong>Crebrd</strong></span> <span class='ocrx_word' id='word_1_90' title='bbox 204 1291 293 1353; x_wconf 83' lang='lat' dir='ltr'><strong>etiem</strong></span> <span class='ocrx_word' id='word_1_91' title='bbox 316 1292 466 1354; x_wconf 89' lang='lat' dir='ltr'><strong>accedunt</strong></span> <span class='ocrx_word' id='word_1_92' title='bbox 488 1292 554 1354; x_wconf 75' lang='lat' dir='ltr'><strong>alies</strong></span> <span class='ocrx_word' id='word_1_93' title='bbox 577 1291 706 1363; x_wconf 74' lang='lat' dir='ltr'><strong>melitite,</strong></span> <span class='ocrx_word' id='word_1_94' title='bbox 731 1292 777 1352; x_wconf 88' lang='lat' dir='ltr'><strong>vel</strong></span> <span class='ocrx_word' id='word_1_95' title='bbox 791 1313 830 1354; x_wconf 84' lang='lat' dir='ltr'><strong>ex</strong></span> <span class='ocrx_word' id='word_1_96' title='bbox 844 1295 986 1373; x_wconf 72' lang='lat' dir='ltr'><strong>qualitate</strong></span> 
     </span>
     <span class='ocr_line' id='line_1_15' title="bbox 28 1369 986 1452; baseline 0.008 -24"><span class='ocrx_word' id='word_1_97' title='bbox 28 1387 168 1446; x_wconf 72' lang='lat' dir='ltr'><strong>persone</strong></span> <span class='ocrx_word' id='word_1_98' title='bbox 189 1373 315 1452; x_wconf 79' lang='lat' dir='ltr'><strong>propriae</strong></span> <span class='ocrx_word' id='word_1_99' title='bbox 327 1369 512 1452; x_wconf 67' lang='lat' dir='ltr'><strong>conjugatae,</strong></span> <span class='ocrx_word' id='word_1_100' title='bbox 538 1384 608 1432; x_wconf 85' lang='lat' dir='ltr'><strong>voto</strong></span> <span class='ocrx_word' id='word_1_101' title='bbox 631 1373 791 1444; x_wconf 83' lang='lat' dir='ltr'><strong>obsuictae,</strong></span> <span class='ocrx_word' id='word_1_102' title='bbox 812 1378 865 1437; x_wconf 79' lang='lat' dir='ltr'><strong>dc.</strong></span> <span class='ocrx_word' id='word_1_103' title='bbox 877 1375 933 1436; x_wconf 69' lang='lat' dir='ltr'><strong>,vel</strong></span> <span class='ocrx_word' id='word_1_104' title='bbox 948 1394 986 1436; x_wconf 88' lang='lat' dir='ltr'><strong>ex</strong></span> 
     </span>
     <span class='ocr_line' id='line_1_16' title="bbox 28 1449 514 1532; baseline 0.014 -25"><span class='ocrx_word' id='word_1_105' title='bbox 28 1449 177 1528; x_wconf 77' lang='lat' dir='ltr'><strong>qualitate</strong></span> <span class='ocrx_word' id='word_1_106' title='bbox 191 1452 301 1532; x_wconf 86' lang='lat' dir='ltr'><strong>objecti</strong></span> <span class='ocrx_word' id='word_1_107' title='bbox 315 1451 446 1532; x_wconf 81' lang='lat' dir='ltr'><strong>cogitati,</strong></span> <span class='ocrx_word' id='word_1_108' title='bbox 460 1457 514 1514; x_wconf 79' lang='lat' dir='ltr'><strong>&amp;c</strong></span> 
     </span>
    </p>

    <p class='ocr_par' dir='ltr' id='par_1_8' title="bbox 28 1529 987 1850">
     <span class='ocr_line' id='line_1_17' title="bbox 71 1529 987 1613; baseline 0.009 -24"><span class='ocrx_word' id='word_1_109' title='bbox 71 1529 186 1610; x_wconf 20' lang='lat' dir='ltr'><strong>Potest!</strong></span> <span class='ocrx_word' id='word_1_110' title='bbox 202 1543 302 1592; x_wconf 87' lang='lat' dir='ltr'><strong>eutem</strong></span> <span class='ocrx_word' id='word_1_111' title='bbox 326 1532 449 1612; x_wconf 86' lang='lat' dir='ltr'><strong>pollutio</strong></span> <span class='ocrx_word' id='word_1_112' title='bbox 473 1551 538 1593; x_wconf 88' lang='lat' dir='ltr'><strong>esse</strong></span> <span class='ocrx_word' id='word_1_113' title='bbox 552 1529 716 1592; x_wconf 80' lang='lat' dir='ltr'><strong>voluntarie</strong></span> <span class='ocrx_word' id='word_1_114' title='bbox 735 1531 781 1592; x_wconf 85' lang='lat' dir='ltr'><strong>vel</strong></span> <span class='ocrx_word' id='word_1_115' title='bbox 805 1531 920 1596; x_wconf 64' lang='lat' dir='ltr'><strong>directe</strong></span> <span class='ocrx_word' id='word_1_116' title='bbox 933 1554 987 1613; x_wconf 83' lang='lat' dir='ltr'><strong>per</strong></span> 
     </span>
     <span class='ocr_line' id='line_1_18' title="bbox 28 1611 987 1692; baseline 0.006 -24"><span class='ocrx_word' id='word_1_117' title='bbox 28 1621 152 1669; x_wconf 83' lang='lat' dir='ltr'><strong>causam</strong></span> <span class='ocrx_word' id='word_1_118' title='bbox 176 1611 224 1671; x_wconf 83' lang='lat' dir='ltr'><strong>vel</strong></span> <span class='ocrx_word' id='word_1_119' title='bbox 246 1611 430 1672; x_wconf 76' lang='lat' dir='ltr'><strong>occasionem</strong></span> <span class='ocrx_word' id='word_1_120' title='bbox 453 1611 611 1681; x_wconf 71' lang='lat' dir='ltr'><strong>dutum&amp;</strong></span> <span class='ocrx_word' id='word_1_121' title='bbox 631 1611 675 1673; x_wconf 78' lang='lat' dir='ltr'><strong>ita</strong></span> <span class='ocrx_word' id='word_1_122' title='bbox 695 1611 818 1692; x_wconf 87' lang='lat' dir='ltr'><strong>pollutio</strong></span> <span class='ocrx_word' id='word_1_123' title='bbox 840 1611 987 1674; x_wconf 84' lang='lat' dir='ltr'><strong>insomne</strong></span> 
     </span>
     <span class='ocr_line' id='line_1_19' title="bbox 30 1689 986 1771; baseline 0.005 -24"><span class='ocrx_word' id='word_1_124' title='bbox 30 1689 194 1750; x_wconf 88' lang='lat' dir='ltr'><strong>obveniens</strong></span> <span class='ocrx_word' id='word_1_125' title='bbox 217 1703 317 1770; x_wconf 88' lang='lat' dir='ltr'><strong>potest</strong></span> <span class='ocrx_word' id='word_1_126' title='bbox 340 1691 478 1770; x_wconf 81' lang='lat' dir='ltr'><strong>imputari</strong></span> <span class='ocrx_word' id='word_1_127' title='bbox 504 1691 663 1771; x_wconf 78' lang='lat' dir='ltr'><strong>aliquando</strong></span> <span class='ocrx_word' id='word_1_128' title='bbox 684 1691 714 1750; x_wconf 92' lang='lat' dir='ltr'><strong>in</strong></span> <span class='ocrx_word' id='word_1_129' title='bbox 740 1703 906 1770; x_wconf 82' lang='lat' dir='ltr'><strong>peccatum.</strong></span> <span class='ocrx_word' id='word_1_130' title='bbox 956 1693 986 1756; x_wconf 87' lang='lat' dir='ltr'><strong>S.</strong></span> 
     </span>
     <span class='ocr_line' id='line_1_20' title="bbox 29 1767 491 1850; baseline 0.009 -25"><span class='ocrx_word' id='word_1_131' title='bbox 29 1767 141 1827; x_wconf 88' lang='lat' dir='ltr'><strong>Thom.</strong></span> <span class='ocrx_word' id='word_1_132' title='bbox 153 1772 183 1828; x_wconf 80' lang='lat'><strong>3.</strong></span> <span class='ocrx_word' id='word_1_133' title='bbox 193 1789 221 1850; x_wconf 85' lang='lat' dir='ltr'><strong>p.</strong></span> <span class='ocrx_word' id='word_1_134' title='bbox 235 1791 263 1850; x_wconf 91' lang='lat' dir='ltr'><strong>q.</strong></span> <span class='ocrx_word' id='word_1_135' title='bbox 274 1773 323 1830; x_wconf 74' lang='lat'><strong>80.</strong></span> <span class='ocrx_word' id='word_1_136' title='bbox 336 1769 365 1830; x_wconf 60' lang='lat' dir='ltr'><strong>ej</strong></span> <span class='ocrx_word' id='word_1_137' title='bbox 378 1775 405 1829; x_wconf 87' lang='grc'><strong>7.</strong></span> <span class='ocrx_word' id='word_1_138' title='bbox 420 1771 450 1829; x_wconf 91' lang='lat' dir='ltr'><strong>iu</strong></span> <span class='ocrx_word' id='word_1_139' title='bbox 463 1791 491 1831; x_wconf 90' lang='lat' dir='ltr'><strong>c.</strong></span> 
     </span>
    </p>

    <p class='ocr_par' dir='ltr' id='par_1_9' title="bbox 29 1849 1075 2156">
     <span class='ocr_line' id='line_1_21' title="bbox 69 1849 985 1930; baseline 0.009 -24"><span class='ocrx_word' id='word_1_140' title='bbox 69 1849 126 1907; x_wconf 88' lang='lat' dir='ltr'><strong>Vl.</strong></span> <span class='ocrx_word' id='word_1_141' title='bbox 147 1850 291 1910; x_wconf 80' lang='lat' dir='ltr'><strong>Venereae</strong></span> <span class='ocrx_word' id='word_1_142' title='bbox 304 1850 528 1920; x_wconf 84' lang='lat' dir='ltr'><strong>commotiones,</strong></span> <span class='ocrx_word' id='word_1_143' title='bbox 541 1870 610 1929; x_wconf 79' lang='lat' dir='ltr'><strong>quae</strong></span> <span class='ocrx_word' id='word_1_144' title='bbox 624 1849 704 1911; x_wconf 85' lang='lat' dir='ltr'><strong>circe</strong></span> <span class='ocrx_word' id='word_1_145' title='bbox 716 1861 818 1929; x_wconf 75' lang='lat' dir='ltr'><strong>partes</strong></span> <span class='ocrx_word' id='word_1_146' title='bbox 832 1849 985 1930; x_wconf 82' lang='lat' dir='ltr'><strong>pudendos</strong></span> 
     </span>
     <span class='ocr_line' id='line_1_22' title="bbox 30 1928 986 2010; baseline 0.007 -24"><span class='ocrx_word' id='word_1_147' title='bbox 30 1928 302 2010; x_wconf 82' lang='lat' dir='ltr'><strong>persentiscuntur,</strong></span> <span class='ocrx_word' id='word_1_148' title='bbox 317 1932 372 1990; x_wconf 88' lang='lat' dir='ltr'><strong>sub</strong></span> <span class='ocrx_word' id='word_1_149' title='bbox 384 1930 514 2009; x_wconf 88' lang='lat' dir='ltr'><strong>speciem</strong></span> <span class='ocrx_word' id='word_1_150' title='bbox 527 1929 696 2009; x_wconf 88' lang='lat' dir='ltr'><strong>pollutionis</strong></span> <span class='ocrx_word' id='word_1_151' title='bbox 708 1930 900 2004; x_wconf 82' lang='lat' dir='ltr'><strong>reducuntur,</strong></span> <span class='ocrx_word' id='word_1_152' title='bbox 915 1931 986 1993; x_wconf 83' lang='lat' dir='ltr'><strong>dum</strong></span> 
     </span>
     <span class='ocr_line' id='line_1_23' title="bbox 30 2005 986 2080; baseline 0.005 -14"><span class='ocrx_word' id='word_1_153' title='bbox 30 2007 151 2068; x_wconf 86' lang='lat' dir='ltr'><strong>scilicet</strong></span> <span class='ocrx_word' id='word_1_154' title='bbox 164 2027 223 2068; x_wconf 93' lang='lat' dir='ltr'><strong>non</strong></span> <span class='ocrx_word' id='word_1_155' title='bbox 231 2005 410 2070; x_wconf 79' lang='lat' dir='ltr'><strong>&#39;ordinentur</strong></span> <span class='ocrx_word' id='word_1_156' title='bbox 422 2009 461 2068; x_wconf 91' lang='lat' dir='ltr'><strong>sd</strong></span> <span class='ocrx_word' id='word_1_157' title='bbox 473 2009 673 2080; x_wconf 82' lang='lat' dir='ltr'><strong>concubitum,</strong></span> <span class='ocrx_word' id='word_1_158' title='bbox 694 2014 721 2070; x_wconf 77' lang='lat' dir='ltr'><strong>dr</strong></span> <span class='ocrx_word' id='word_1_159' title='bbox 734 2010 849 2072; x_wconf 72' lang='lat' dir='ltr'><strong>eedem</strong></span> <span class='ocrx_word' id='word_1_160' title='bbox 862 2009 986 2074; x_wconf 88' lang='lat' dir='ltr'><strong>circum-</strong></span> 
     </span>
     <span class='ocr_line' id='line_1_24' title="bbox 29 2087 1075 2156; baseline 0.011 -12"><span class='ocrx_word' id='word_1_161' title='bbox 29 2087 151 2146; x_wconf 82' lang='lat' dir='ltr'><strong>stantiae</strong></span> <span class='ocrx_word' id='word_1_162' title='bbox 165 2089 310 2148; x_wconf 81' lang='lat' dir='ltr'><strong>notandae.</strong></span> <span class='ocrx_word' id='word_1_163' title='bbox 822 2123 824 2130; x_wconf 95' lang='lat'>·</span> <span class='ocrx_word' id='word_1_164' title='bbox 1072 2147 1075 2156; x_wconf 80' lang='grc'>,</span> 
     </span>
    </p>

    <p class='ocr_par' dir='ltr' id='par_1_10' title="bbox 29 2166 1011 2327">
     <span class='ocr_line' id='line_1_25' title="bbox 72 2166 1011 2248; baseline 0.01 -24"><span class='ocrx_word' id='word_1_165' title='bbox 72 2166 144 2225; x_wconf 89' lang='lat' dir='ltr'><strong>Vll.</strong></span> <span class='ocrx_word' id='word_1_166' title='bbox 165 2168 244 2234; x_wconf 86' lang='lat' dir='ltr'><strong>Quid</strong></span> <span class='ocrx_word' id='word_1_167' title='bbox 258 2185 347 2247; x_wconf 77' lang='lat' dir='ltr'><strong>agere</strong></span> <span class='ocrx_word' id='word_1_168' title='bbox 360 2168 453 2230; x_wconf 84' lang='lat' dir='ltr'><strong>debet</strong></span> <span class='ocrx_word' id='word_1_169' title='bbox 465 2167 499 2240; x_wconf 85' lang='lat' dir='ltr'><strong>is,</strong></span> <span class='ocrx_word' id='word_1_170' title='bbox 518 2167 569 2248; x_wconf 86' lang='lat' dir='ltr'><strong>qui</strong></span> <span class='ocrx_word' id='word_1_171' title='bbox 590 2168 645 2229; x_wconf 84' lang='lat' dir='ltr'><strong>sub</strong></span> <span class='ocrx_word' id='word_1_172' title='bbox 659 2168 821 2248; x_wconf 84' lang='lat' dir='ltr'><strong>pollutione</strong></span> <span class='ocrx_word' id='word_1_173' title='bbox 840 2167 986 2233; x_wconf 84' lang='lat' dir='ltr'><strong>insomno</strong></span> <span class='ocrx_word' id='word_1_174' title='bbox 1010 2219 1011 2222; x_wconf 20' lang='lat'>¹</span> 
     </span>
     <span class='ocr_line' id='line_1_26' title="bbox 29 2245 925 2327; baseline 0.012 -25"><span class='ocrx_word' id='word_1_175' title='bbox 29 2245 173 2306; x_wconf 79' lang='lat' dir='ltr'><strong>inchoetis</strong></span> <span class='ocrx_word' id='word_1_176' title='bbox 185 2247 350 2327; x_wconf 70' lang='lat' dir='ltr'><strong>evigilati·</strong></span> <span class='ocrx_word' id='word_1_177' title='bbox 820 2295 822 2302; x_wconf 30' lang='grc' dir='ltr'><strong><em>ι</em></strong></span> <span class='ocrx_word' id='word_1_178' title='bbox 924 2278 925 2282; x_wconf 57' lang='grc'>’</span> 
     </span>
    </p>

    <p class='ocr_par' dir='ltr' id='par_1_11' title="bbox 31 2321 986 2542">
     <span class='ocr_line' id='line_1_27' title="bbox 72 2321 983 2408; baseline 0.008 -24"><span class='ocrx_word' id='word_1_179' title='bbox 72 2326 110 2384; x_wconf 90' lang='lat' dir='ltr'><strong>R.</strong></span> <span class='ocrx_word' id='word_1_180' title='bbox 134 2326 284 2406; x_wconf 85' lang='lat' dir='ltr'><strong>Evigilens</strong></span> <span class='ocrx_word' id='word_1_181' title='bbox 298 2347 356 2388; x_wconf 92' lang='lat' dir='ltr'><strong>non</strong></span> <span class='ocrx_word' id='word_1_182' title='bbox 371 2338 471 2408; x_wconf 85' lang='lat' dir='ltr'><strong>potest</strong></span> <span class='ocrx_word' id='word_1_183' title='bbox 494 2327 523 2387; x_wconf 92' lang='lat' dir='ltr'><strong>ei</strong></span> <span class='ocrx_word' id='word_1_184' title='bbox 546 2327 639 2386; x_wconf 90' lang='lat' dir='ltr'><strong>ullum</strong></span> <span class='ocrx_word' id='word_1_185' title='bbox 653 2335 828 2389; x_wconf 80' lang='lat' dir='ltr'><strong>consensum</strong></span> <span class='ocrx_word' id='word_1_186' title='bbox 842 2321 983 2408; x_wconf 73' lang='lat' dir='ltr'><strong>prebere,</strong></span> 
     </span>
     <span class='ocr_line' id='line_1_28' title="bbox 31 2404 986 2542; baseline 0.006 -78"><span class='ocrx_word' id='word_1_187' title='bbox 31 2405 87 2542; x_wconf 54' lang='lat' dir='ltr'><strong>ped</strong></span> <span class='ocrx_word' id='word_1_188' title='bbox 102 2405 201 2483; x_wconf 83' lang='lat' dir='ltr'><strong>potiris</strong></span> <span class='ocrx_word' id='word_1_189' title='bbox 215 2404 380 2468; x_wconf 78' lang='lat' dir='ltr'><strong>dissensrun</strong></span> <span class='ocrx_word' id='word_1_190' title='bbox 394 2407 448 2468; x_wconf 88' lang='lat' dir='ltr'><strong>se&#39;u</strong></span> <span class='ocrx_word' id='word_1_191' title='bbox 462 2407 679 2486; x_wconf 84' lang='lat' dir='ltr'><strong>displicentiam</strong></span> <span class='ocrx_word' id='word_1_192' title='bbox 687 2407 846 2470; x_wconf 84' lang='lat' dir='ltr'><strong>voluntatis</strong></span> <span class='ocrx_word' id='word_1_193' title='bbox 859 2408 986 2476; x_wconf 75' lang='lat' dir='ltr'><strong>formare</strong></span> 
     </span>
    </p>

    <p class='ocr_par' dir='ltr' id='par_1_12' title="bbox 53 2487 684 2546">
     <span class='ocr_line' id='line_1_29' title="bbox 53 2487 684 2546; baseline 0.003 -2"><span class='ocrx_word' id='word_1_194' title='bbox 53 2487 134 2544; x_wconf 84' lang='lat' dir='ltr'><strong>ebet.</strong></span> <span class='ocrx_word' id='word_1_195' title='bbox 473 2533 476 2540; x_wconf 87' lang='lat'>.</span> <span class='ocrx_word' id='word_1_196' title='bbox 680 2539 684 2546; x_wconf 88' lang='lat'>.</span> 
     </span>
    </p>

    <p class='ocr_par' dir='ltr' id='par_1_13' title="bbox 33 2565 985 2804">
     <span class='ocr_line' id='line_1_30' title="bbox 74 2565 985 2647; baseline 0.004 -23"><span class='ocrx_word' id='word_1_197' title='bbox 74 2567 127 2624; x_wconf 86' lang='lat' dir='ltr'><strong>An</strong></span> <span class='ocrx_word' id='word_1_198' title='bbox 140 2575 261 2627; x_wconf 88' lang='lat' dir='ltr'><strong>tenetur</strong></span> <span class='ocrx_word' id='word_1_199' title='bbox 273 2565 352 2627; x_wconf 83' lang='lat' dir='ltr'><strong>illem</strong></span> <span class='ocrx_word' id='word_1_200' title='bbox 367 2565 559 2646; x_wconf 91' lang='lat' dir='ltr'><strong>pollutionem</strong></span> <span class='ocrx_word' id='word_1_201' title='bbox 572 2566 602 2636; x_wconf 91' lang='lat' dir='ltr'><strong>in</strong></span> <span class='ocrx_word' id='word_1_202' title='bbox 616 2585 719 2626; x_wconf 88' lang='lat' dir='ltr'><strong>somno</strong></span> <span class='ocrx_word' id='word_1_203' title='bbox 742 2566 900 2647; x_wconf 77' lang='lat' dir='ltr'><strong>inceptum,</strong></span> <span class='ocrx_word' id='word_1_204' title='bbox 915 2587 985 2636; x_wconf 84' lang='lat' dir='ltr'><strong>mox</strong></span> 
     </span>
     <span class='ocr_line' id='line_1_31' title="bbox 33 2643 985 2729; baseline 0.012 -27"><span class='ocrx_word' id='word_1_205' title='bbox 33 2656 67 2702; x_wconf 90' lang='lat' dir='ltr'><strong>ut</strong></span> <span class='ocrx_word' id='word_1_206' title='bbox 81 2643 211 2723; x_wconf 82' lang='lat' dir='ltr'><strong>evigilet,</strong></span> <span class='ocrx_word' id='word_1_207' title='bbox 225 2645 254 2704; x_wconf 87' lang='lat' dir='ltr'><strong>vi</strong></span> <span class='ocrx_word' id='word_1_208' title='bbox 268 2646 408 2706; x_wconf 87' lang='lat' dir='ltr'><strong>cohibere</strong></span> <span class='ocrx_word' id='word_1_209' title='bbox 422 2664 568 2725; x_wconf 81' lang='lat' dir='ltr'><strong>suumque</strong></span> <span class='ocrx_word' id='word_1_210' title='bbox 592 2665 699 2726; x_wconf 89' lang='lat' dir='ltr'><strong>corpus</strong></span> <span class='ocrx_word' id='word_1_211' title='bbox 723 2647 925 2729; x_wconf 83' lang='lat' dir='ltr'><strong>comprimere,</strong></span> <span class='ocrx_word' id='word_1_212' title='bbox 945 2666 985 2713; x_wconf 81' lang='lat' dir='ltr'><strong>ne</strong></span> 
     </span>
     <span class='ocr_line' id='line_1_32' title="bbox 34 2723 407 2804; baseline 0.013 -23"><span class='ocrx_word' id='word_1_213' title='bbox 34 2723 226 2784; x_wconf 88' lang='lat' dir='ltr'><strong>continuetur</strong></span> <span class='ocrx_word' id='word_1_214' title='bbox 239 2725 269 2784; x_wconf 92' lang='lat' dir='ltr'><strong>in</strong></span> <span class='ocrx_word' id='word_1_215' title='bbox 282 2726 407 2804; x_wconf 83' lang='lat' dir='ltr'><strong>vigilia?</strong></span> 
     </span>
    </p>

    <p class='ocr_par' dir='ltr' id='par_1_14' title="bbox 32 2799 987 3430">
     <span class='ocr_line' id='line_1_33' title="bbox 73 2799 986 2886; baseline 0.005 -25"><span class='ocrx_word' id='word_1_216' title='bbox 73 2799 161 2862; x_wconf 82' lang='lat' dir='ltr'><strong>Vl&#39;ll.</strong></span> <span class='ocrx_word' id='word_1_217' title='bbox 182 2804 219 2862; x_wconf 87' lang='lat' dir='ltr'><strong>R.</strong></span> <span class='ocrx_word' id='word_1_218' title='bbox 242 2805 317 2864; x_wconf 87' lang='lat' dir='ltr'><strong>Cum</strong></span> <span class='ocrx_word' id='word_1_219' title='bbox 342 2805 491 2866; x_wconf 83' lang='lat' dir='ltr'><strong>Antoine:</strong></span> <span class='ocrx_word' id='word_1_220' title='bbox 530 2815 658 2875; x_wconf 87' lang='lat' dir='ltr'><strong>tenetur,</strong></span> <span class='ocrx_word' id='word_1_221' title='bbox 683 2805 787 2868; x_wconf 82' lang='lat' dir='ltr'><strong>saltem</strong></span> <span class='ocrx_word' id='word_1_222' title='bbox 809 2816 844 2866; x_wconf 91' lang='lat' dir='ltr'><strong>ut</strong></span> <span class='ocrx_word' id='word_1_223' title='bbox 864 2807 986 2886; x_wconf 88' lang='lat' dir='ltr'><strong>pollutio</strong></span> 
     </span>
     <span class='ocr_line' id='line_1_34' title="bbox 32 2883 985 2963; baseline 0.008 -23"><span class='ocrx_word' id='word_1_224' title='bbox 32 2899 90 2942; x_wconf 90' lang='lat' dir='ltr'><strong>non</strong></span> <span class='ocrx_word' id='word_1_225' title='bbox 100 2883 291 2944; x_wconf 88' lang='lat' dir='ltr'><strong>continuetur</strong></span> <span class='ocrx_word' id='word_1_226' title='bbox 297 2903 350 2963; x_wconf 85' lang='lat' dir='ltr'><strong>per</strong></span> <span class='ocrx_word' id='word_1_227' title='bbox 355 2883 527 2946; x_wconf 85' lang='lat' dir='ltr'><strong>effusionem</strong></span> <span class='ocrx_word' id='word_1_228' title='bbox 533 2884 653 2944; x_wconf 74' lang='lat' dir='ltr'><strong>seruiens</strong></span> <span class='ocrx_word' id='word_1_229' title='bbox 659 2885 786 2945; x_wconf 88' lang='lat' dir='ltr'><strong>necdum</strong></span> <span class='ocrx_word' id='word_1_230' title='bbox 794 2886 923 2948; x_wconf 77' lang='lat' dir='ltr'><strong>elumbis</strong></span> <span class='ocrx_word' id='word_1_231' title='bbox 937 2887 985 2948; x_wconf 80' lang='lat' dir='ltr'><strong>vel</strong></span> 
     </span>
     <span class='ocr_line' id='line_1_35' title="bbox 33 2963 984 3043; baseline 0.007 -24"><span class='ocrx_word' id='word_1_232' title='bbox 33 2981 71 3020; x_wconf 85' lang='lat' dir='ltr'><strong>ex</strong></span> <span class='ocrx_word' id='word_1_233' title='bbox 86 2963 234 3023; x_wconf 82' lang='lat' dir='ltr'><strong>testiculis</strong></span> <span class='ocrx_word' id='word_1_234' title='bbox 248 2964 445 3024; x_wconf 76' lang='lat' dir='ltr'><strong>extrevssetiz</strong></span> <span class='ocrx_word' id='word_1_235' title='bbox 462 2964 604 3034; x_wconf 80' lang='lat' dir='ltr'><strong>Senchez,</strong></span> <span class='ocrx_word' id='word_1_236' title='bbox 616 2963 749 3034; x_wconf 88' lang='lat' dir='ltr'><strong>Billuart,</strong></span> <span class='ocrx_word' id='word_1_237' title='bbox 759 2963 868 3043; x_wconf 83' lang='lat' dir='ltr'><strong>aliique</strong></span> <span class='ocrx_word' id='word_1_238' title='bbox 881 2965 984 3026; x_wconf 88' lang='lat' dir='ltr'><strong>videu-</strong></span> 
     </span>
     <span class='ocr_line' id='line_1_36' title="bbox 34 3041 987 3122; baseline 0.004 -22"><span class='ocrx_word' id='word_1_239' title='bbox 34 3053 81 3100; x_wconf 84' lang='lat' dir='ltr'><strong>tur</strong></span> <span class='ocrx_word' id='word_1_240' title='bbox 96 3041 271 3120; x_wconf 86' lang='lat' dir='ltr'><strong>permittere</strong></span> <span class='ocrx_word' id='word_1_241' title='bbox 285 3043 536 3104; x_wconf 82' lang='lat' dir='ltr'><strong>contiturstionem</strong></span> <span class='ocrx_word' id='word_1_242' title='bbox 564 3045 601 3104; x_wconf 93' lang='lat' dir='ltr'><strong>ob</strong></span> <span class='ocrx_word' id='word_1_243' title='bbox 614 3042 777 3122; x_wconf 86' lang='lat' dir='ltr'><strong>periculum</strong></span> <span class='ocrx_word' id='word_1_244' title='bbox 790 3042 987 3114; x_wconf 75' lang='lat' dir='ltr'><strong>infirmitatis;</strong></span> 
     </span>
     <span class='ocr_line' id='line_1_37' title="bbox 34 3121 986 3203; baseline 0.005 -23"><span class='ocrx_word' id='word_1_245' title='bbox 34 3121 88 3180; x_wconf 85' lang='lat' dir='ltr'><strong>sed</strong></span> <span class='ocrx_word' id='word_1_246' title='bbox 103 3121 223 3182; x_wconf 90' lang='lat' dir='ltr'><strong>omnino</strong></span> <span class='ocrx_word' id='word_1_247' title='bbox 236 3134 317 3202; x_wconf 88' lang='lat' dir='ltr'><strong>puto,</strong></span> <span class='ocrx_word' id='word_1_248' title='bbox 332 3143 383 3183; x_wconf 88' lang='lat' dir='ltr'><strong>eos</strong></span> <span class='ocrx_word' id='word_1_249' title='bbox 392 3123 423 3182; x_wconf 87' lang='lat' dir='ltr'><strong>id</strong></span> <span class='ocrx_word' id='word_1_250' title='bbox 436 3123 537 3184; x_wconf 85' lang='lat' dir='ltr'><strong>dicere</strong></span> <span class='ocrx_word' id='word_1_251' title='bbox 552 3123 733 3184; x_wconf 80' lang='lat' dir='ltr'><strong>soltuumodo</strong></span> <span class='ocrx_word' id='word_1_252' title='bbox 745 3122 785 3182; x_wconf 87' lang='lat' dir='ltr'><strong>de</strong></span> <span class='ocrx_word' id='word_1_253' title='bbox 799 3122 911 3185; x_wconf 81' lang='lat' dir='ltr'><strong>semine</strong></span> <span class='ocrx_word' id='word_1_254' title='bbox 922 3126 986 3203; x_wconf 80' lang='lat' dir='ltr'><strong>jam</strong></span> 
     </span>
     <span class='ocr_line' id='line_1_38' title="bbox 35 3199 987 3281; baseline 0.003 -22"><span class='ocrx_word' id='word_1_255' title='bbox 35 3212 230 3272; x_wconf 83' lang='lat' dir='ltr'><strong>extravassto,</strong></span> <span class='ocrx_word' id='word_1_256' title='bbox 254 3201 392 3262; x_wconf 90' lang='lat' dir='ltr'><strong>nimirum</strong></span> <span class='ocrx_word' id='word_1_257' title='bbox 414 3213 448 3262; x_wconf 91' lang='lat' dir='ltr'><strong>ut</strong></span> <span class='ocrx_word' id='word_1_258' title='bbox 475 3202 607 3263; x_wconf 80' lang='lat' dir='ltr'><strong>exterius</strong></span> <span class='ocrx_word' id='word_1_259' title='bbox 634 3199 748 3262; x_wconf 83' lang='lat' dir='ltr'><strong>efflustt</strong></span> <span class='ocrx_word' id='word_1_260' title='bbox 779 3201 907 3281; x_wconf 76' lang='lat' dir='ltr'><strong>alioquin</strong></span> <span class='ocrx_word' id='word_1_261' title='bbox 928 3207 987 3262; x_wconf 87' lang='lat' dir='ltr'><strong>nou</strong></span> 
     </span>
     <span class='ocr_line' id='line_1_39' title="bbox 34 3280 986 3363; baseline 0.008 -27"><span class='ocrx_word' id='word_1_262' title='bbox 34 3280 106 3340; x_wconf 88' lang='lat' dir='ltr'><strong>licet</strong></span> <span class='ocrx_word' id='word_1_263' title='bbox 119 3297 291 3358; x_wconf 78' lang='lat' dir='ltr'><strong>promovere</strong></span> <span class='ocrx_word' id='word_1_264' title='bbox 305 3281 458 3342; x_wconf 82' lang='lat' dir='ltr'><strong>formalem</strong></span> <span class='ocrx_word' id='word_1_265' title='bbox 472 3281 671 3363; x_wconf 88' lang='lat' dir='ltr'><strong>pollutionem,</strong></span> <span class='ocrx_word' id='word_1_266' title='bbox 681 3281 851 3359; x_wconf 76' lang='lat' dir='ltr'><strong>nequidem</strong></span> <span class='ocrx_word' id='word_1_267' title='bbox 865 3281 904 3344; x_wconf 84' lang='lat' dir='ltr'><strong>ad</strong></span> <span class='ocrx_word' id='word_1_268' title='bbox 917 3299 986 3344; x_wconf 79' lang='lat' dir='ltr'><strong>eva·</strong></span> 
     </span>
     <span class='ocr_line' id='line_1_40' title="bbox 36 3359 922 3430; baseline 0.007 -12"><span class='ocrx_word' id='word_1_269' title='bbox 36 3359 165 3420; x_wconf 77' lang='lat' dir='ltr'><strong>&lt;lendum</strong></span> <span class='ocrx_word' id='word_1_270' title='bbox 179 3371 315 3421; x_wconf 85' lang='lat' dir='ltr'><strong>mortem.</strong></span> <span class='ocrx_word' id='word_1_271' title='bbox 811 3391 814 3398; x_wconf 91' lang='lat'>·</span> <span class='ocrx_word' id='word_1_272' title='bbox 917 3421 922 3430; x_wconf 82' lang='lat'><strong>,</strong></span> 
     </span>
    </p>

    <p class='ocr_par' dir='ltr' id='par_1_15' title="bbox 72 3439 1007 3511">
     <span class='ocr_line' id='line_1_41' title="bbox 72 3439 1007 3511; baseline 0.005 -14"><span class='ocrx_word' id='word_1_273' title='bbox 72 3439 169 3498; x_wconf 79' lang='lat' dir='ltr'><strong>Notat</strong></span> <span class='ocrx_word' id='word_1_274' title='bbox 183 3439 302 3500; x_wconf 85' lang='lat' dir='ltr'><strong>Neesen</strong></span> <span class='ocrx_word' id='word_1_275' title='bbox 305 3483 376 3504; x_wconf 88' lang='grc'><strong>......</strong></span> <span class='ocrx_word' id='word_1_276' title='bbox 396 3440 543 3502; x_wconf 87' lang='lat' dir='ltr'><strong>difficilem</strong></span> <span class='ocrx_word' id='word_1_277' title='bbox 557 3457 622 3501; x_wconf 87' lang='lat' dir='ltr'><strong>esse</strong></span> <span class='ocrx_word' id='word_1_278' title='bbox 646 3439 860 3502; x_wconf 86' lang='lat' dir='ltr'><strong>correctionem</strong></span> <span class='ocrx_word' id='word_1_279' title='bbox 873 3459 984 3511; x_wconf 82' lang='lat' dir='ltr'><strong>eorum,</strong></span> <span class='ocrx_word' id='word_1_280' title='bbox 1003 3457 1007 3462; x_wconf 83' lang='lat'>&#39;</span> 
     </span>
    </p>
   </div>
   <div class='ocr_carea' id='block_1_3' title="bbox 35 3507 986 3661">
    <p class='ocr_par' dir='ltr' id='par_1_16' title="bbox 35 3507 986 3661">
     <span class='ocr_line' id='line_1_42' title="bbox 35 3507 986 3602; baseline 0.003 -26"><span class='ocrx_word' id='word_1_281' title='bbox 35 3519 84 3596; x_wconf 89' lang='lat' dir='ltr'><strong>qui</strong></span> <span class='ocrx_word' id='word_1_282' title='bbox 100 3507 194 3579; x_wconf 75' lang='lat' dir='ltr'><strong>dediti</strong></span> <span class='ocrx_word' id='word_1_283' title='bbox 208 3531 277 3580; x_wconf 89' lang='lat' dir='ltr'><strong>sunt</strong></span> <span class='ocrx_word' id='word_1_284' title='bbox 291 3521 361 3580; x_wconf 86' lang='lat' dir='ltr'><strong>huic</strong></span> <span class='ocrx_word' id='word_1_285' title='bbox 383 3519 456 3582; x_wconf 84' lang='lat' dir='ltr'><strong>vitio</strong></span> <span class='ocrx_word' id='word_1_286' title='bbox 474 3519 653 3600; x_wconf 88' lang='lat' dir='ltr'><strong>pollutionis.</strong></span> <span class='ocrx_word' id='word_1_287' title='bbox 692 3519 798 3582; x_wconf 81' lang='lat' dir='ltr'><strong>Medic</strong></span> <span class='ocrx_word' id='word_1_288' title='bbox 819 3519 986 3602; x_wconf 78' lang='lat' dir='ltr'><strong>corrigendi</strong></span> 
     </span>
     <span class='ocr_line' id='line_1_43' title="bbox 37 3597 387 3661; baseline 0.011 -6"><span class='ocrx_word' id='word_1_289' title='bbox 37 3597 112 3660; x_wconf 87' lang='lat' dir='ltr'><strong>Vide</strong></span> <span class='ocrx_word' id='word_1_290' title='bbox 125 3598 202 3659; x_wconf 80' lang='lat' dir='ltr'><strong>infre</strong></span> <span class='ocrx_word' id='word_1_291' title='bbox 216 3599 306 3661; x_wconf 85' lang='lat' dir='ltr'><strong>Num.</strong></span> <span class='ocrx_word' id='word_1_292' title='bbox 319 3599 387 3660; x_wconf 72' lang='lat'><strong>299.</strong></span> 
     </span>
    </p>
   </div>
   <div class='ocr_carea' id='block_1_4' title="bbox 0 0 1134 4072">
    <p class='ocr_par' dir='ltr' id='par_1_17' title="bbox 0 0 1134 4072">
     <span class='ocr_line' id='line_1_44' title="bbox 0 0 1134 4072; baseline 0 0"><span class='ocrx_word' id='word_1_293' title='bbox 0 0 1134 4072; x_wconf 95' lang='lat' dir='ltr'><strong> </strong></span> 
     </span>
    </p>
   </div>
  </div>
 </body>
</html>
