2246 4096
119 163 177 226 232
515 175 557 216 nn
579 173 682 218 vrrrrs

126 315 525 388 numismatomaimiliumve
538 317 688 395 signorum
698 315 952 394 impertinentium
961 333 1035 374 usus
1045 315 1084 374 ad

125 398 274 462 curandos
288 398 413 467 morbos,
428 396 466 456 ad
479 395 654 456 avertendas
667 395 811 465 lusiones,
821 399 873 456 &c

165 479 206 539 11.
222 477 306 538 Solet
316 476 431 536 daemon
446 475 536 536 etiam
549 493 597 536 res
611 479 743 536 sacras&
753 486 857 536 sancta
867 475 958 536 rerba
969 473 1084 552 eligere

125 559 164 620 ad
178 551 263 618 usam
274 555 423 636 signorum
434 553 712 634 superstitiosorum,
724 567 758 614 ut
769 554 903 616 securius
914 553 1048 634 decipiat
1061 557 1086 610 ἃ

125 658 174 699 res
187 657 280 698 sacrae
303 635 515 716 profanentur;
536 634 639 694 similis
663 633 870 696 circumfertur
888 633 983 694 oratio
1006 631 1087 692 dicta

127 718 225 780 Caroli
240 715 437 794 Imperatoris,
453 715 525 774 item
536 713 594 774 alio
607 715 661 774 sub
671 713 789 774 nomine
804 713 835 776 S.
846 713 991 794 Birgittae.

167 799 355 876 Quapropter
369 793 561 873 simpliciores
575 793 763 856 examinandi
776 806 854 864 sunt,
868 793 939 854 dum
949 805 1091 854 osaerrmt

131 896 164 938 se
177 875 252 935 mira
264 894 350 954 posse
365 873 481 935 efficere
494 875 542 933 rel
564 893 667 934 sanare
677 893 731 954 per
753 875 852 942 verba,
876 873 1025 934 orationes
1042 873 1089 932 vel

132 957 226 1034 signa,
240 954 364 1014 neforto
374 953 544 1032 ignoranter
553 963 676 1013 utantur
699 964 764 1014 arte
774 952 891 1031 magica
901 951 949 1012 vel
958 971 1015 1032 ope
1029 951 1090 1011 de-

40 1062 46 1068 ·
130 1035 243 1096 monis:
255 1035 298 1094 ita
311 1033 472 1112 prudenter
486 1032 592 1098 mulier
606 1032 769 1111 quaedamd
783 1051 837 1092 ruo
851 1032 973 1092 Pastore
981 1051 1092 1110 expos·

130 1117 233 1176 cebet:
249 1113 378 1176 Domine
389 1113 502 1181 Pastor,
516 1111 650 1173 homines
660 1112 766 1172 dicum
774 1132 823 1184 me
832 1130 899 1174 esse
909 1131 1018 1194 sagam,
1030 1121 1093 1170 est·

131 1209 170 1254 ne
182 1186 241 1253 boc
255 1193 382 1252 verum?
396 1191 598 1269 inquiri'enim
612 1191 711 1260 debet,
726 1185 793 1271 que
802 1192 875 1251 mira
887 1210 976 1270 agere
987 1191 1095 1270 possit.

83 1334 94 1359 ἦ
173 1271 274 1332 Docet
287 1271 318 1331 S.
343 1271 400 1330 Tb.
413 1291 440 1330 a.
452 1276 482 1330 4.
502 1290 589 1349 posse
609 1271 786 1350 quandoque
800 1272 864 1332 sine
880 1271 1094 1350 superstitione

133 1353 234 1414 divino
246 1353 337 1412 rerba
349 1349 483 1412 adbiberi
492 1371 519 1408 v.
533 1371 562 1428 g.
576 1344 770 1429 Evangelium
784 1351 815 1412 S.
825 1351 948 1412 Joannia
959 1375 967 1420 ς
980 1350 1036 1410 sed
1047 1368 1096 1409 ca·

133 1432 272 1502 rendum,
286 1450 324 1490 ne
339 1441 517 1491 concurrant
529 1449 612 1492 vanae
625 1431 854 1494 circumstantie
864 1450 903 1492 ex
916 1441 1002 1509 parte
1015 1442 1098 1488 tern-

134 1512 224 1592 poris,
238 1510 287 1572 vel
300 1510 380 1570 modi
393 1509 551 1580 scribendi,
565 1511 711 1604 gesmdi,
724 1509 845 1589 ligandi,
859 1515 912 1571 dc.

175 1591 233 1650 ΙΙΙ.
253 1589 392 1672 Wiggers
406 1590 445 1650 de
457 1601 609 1670 superstit.
632 1609 698 1670 cap.
720 1593 749 1648 6.
763 1590 832 1650 dub.
856 1591 906 1648 15..
915 1589 987 1654 satis
1000 1588 1101 1648 solide

135 1672 336 1732 demonstrare
347 1681 470 1731 conatur
480 1669 753 1732 caeremoniasadS.
768 1667 939 1730 Hubertiin
949 1668 1099 1730 Ardenna

136 1748 270 1814 adhiberi
282 1749 392 1820 solitas,
406 1768 472 1810 esse
486 1761 640 1828 exemptas
655 1743 905 1842 isuperstitionc.

179 1832 229 1888 An
244 1829 464 1908 superstitiosus
478 1839 609 1890 estuans
623 1827 754 1908 pulveris
776 1825 987 1910 sympathetici
1000 1826 1041 1888 ad
1056 1846 1105 1886 sa·

140 1907 238 1970 nanda
251 1907 397 1968 vulnera?

179 1987 233 2047 lV.
255 1987 284 2048 R
314 1985 465 2064 Ronacina
478 1987 517 2047 ad
543 1987 568 2045 l.
593 2007 681 2068 ppaec.
702 1984 778 2050 Dec.
802 1987 878 2070 disp.
891 1989 919 2048 3.
941 1987 1012 2126 «pb.
1026 2007 1061 2064 p.
1075 1989 1106 2044 4.

141 2087 171 2127 n.
187 2069 233 2138 17,
253 2065 394 2128 affirmat:
413 2065 469 2126 sed
484 2063 616 2128 Boudart
630 2065 730 2130 Tract
743 2070 771 2126 5.
785 2067 817 2128 in
828 2065 905 2140 Dec.
912 2066 939 2148 ξ
972 2069 1001 2125 7.
1015 2065 1106 2126 ἰ11ιιιιι

142 2167 229 2206 usum
245 2147 322 2208 tueri
336 2158 469 2216 conatur,
492 2158 631 2227 tanquam
654 2167 672 2206 o
694 2158 826 2226 erantem
853 2143 1024 2208 naturaliter
1050 2165 1109 2224 per

143 2225 259 2368 efflplraia
272 2225 460 2286 subtilissima
484 2225 591 2288 emissa
614 2228 650 2288 ab
673 2243 683 2286 r
705 2247 722 2287 ο
736 2228 857 2308 pulvere
872 2225 902 2286 in
915 2226 1038 2286 vulnera
1054 2245 1110 2286 cu-

143 2325 196 2366 ran

187 2385 337 2448 Bonacina
350 2385 497 2466 praefatua,
521 2386 711 2464 sanationem
730 2377 912 2448 'corumdem
935 2386 1112 2447 morborum

144 2485 199 2544 per
212 2477 357 2526 attactum
370 2482 561 2546 personarum
574 2477 664 2526 certae
673 2467 742 2526 sami
755 2465 789 2526 iae
800 2477 923 2526 conatur
934 2465 952 2526 d
962 2465 1112 2543 superati·

146 2545 227 2640 tione
235 2543 366 2606 eximere
377 2566 429 2623 per
438 2545 546 2606 donum
556 2546 650 2626 gratis
665 2545 778 2618 datum,
791 2546 838 2606 vel
849 2565 902 2626 pcr
916 2543 1032 2626 effluvio
1041 2565 1116 2606 cor-

184 2644 234 2686 rrs.
958 2677 962 2692 ,

146 2643 301 2844 ἷοὸἐὲιίὶίιι
313 2701 475 2766 attribuere
490 2704 667 2786 cuicumque
687 2692 747 2770 filio
760 2679 1000 2786 reprimogenlto,
1024 2715 1118 2770 caret

159 2783 201 2844 irn
239 2793 349 2848 mento.
1001 2783 1003 2788 ’

442 2979 480 3042 u.
504 2983 569 3045 roo.
589 2939 648 3053 uu
664 2933 818 3049 uuum.

154 3162 180 3222 1.
212 3156 364 3238 Dfinrm„
417 3161 457 3220 11.
491 3161 583 3222 Raro
702 3163 840 3228 memte.
897 3157 1118 3229 utonem

491 3239 543 3302 IV.
601 3241 754 3324 olcficium.

198 3417 355 3478 NOMEN
377 3419 579 3498 “Magorum''
606 3422 685 3484 aud
711 3422 833 3482 Graecos
859 3421 928 3484 olim
958 3421 1118 3484 Salientes

156 3495 349 3576 slgrrilicabat²
375 3514 441 3582 quoy
460 3501 546 3560 modo
570 3441 714 3584 meditor
740 3494 853 3566 Matth.
878 3503 907 3564 2.
944 3509 962 3539 ‘⁴
1009 3497 1063 3582 agi
1086 3506 1118 3564 al

158 3577 283 3640 Oriente
297 3577 467 3639 reneruntJ’
481 3579 550 3652 hinc

198 3657 302 3734 Magia
315 3655 456 3722 dividitur
471 3657 501 3720 ln
516 3667 533 3696 “
542 3661 714 3730 naturalem,
729 3666 754 3720 dr
768 3657 1028 3740 superstitiosam-⁸

193 3735 281 3802 Quid
294 3745 341 3796 ost
354 3738 450 3815 magia
464 3739 691 3818 superstitiosa?

201 3816 226 3876 Ι.
249 3815 285 3877 R.
309 3815 364 3876 Est
377 3817 451 3880 ratio
473 3819 613 3899 operandi
635 3819 724 3884 miros
748 3819 872 3886 effectus
897 3831 948 3901 pcr
966 3805 1055 3897 ‘signa
1071 3841 1118 3897 op⁴
