2246 4096
128 231 187 289 242
526 243 568 285 ns
590 243 691 286 virus

167 387 220 446 1v.
236 387 272 446 R.
284 385 379 446 Juxta
391 396 582 444 memoratam
597 385 841 444 constitutionem
856 396 925 462 suut
936 383 1101 453 Ecclesiae,

129 465 455 535 SacellaMonusteria
466 465 581 523 Domus
592 465 752 544 regulares,
762 469 814 524 dre.
829 467 883 524 sub
895 465 1003 543 quibus
1014 481 1101 524 com·

126 545 350 624 prehenduntur
360 544 573 613 crementium,
588 545 713 603 turris&
727 544 856 623 parietes
871 544 1028 612 Ecclesia,
1046 563 1101 621 pa·

126 625 229 684 latium
250 625 398 704 Episcopi,
425 623 620 683 Seminarium
643 623 879 704 Theologorum:
904 624 946 682 ita
959 635 997 682 ut
1010 624 1102 682 locus

126 724 210 766 sacer
222 704 273 764 hic
287 705 369 782 large
382 703 554 782 accipiatur,
569 703 640 781 quia
652 703 768 762 favores
782 715 852 762 sunt
865 702 1039 782 ampliandi.

165 783 295 849 Quinam
308 794 431 862 possunt
443 782 502 842 hirc
514 782 699 842 immunitate
716 783 871 861 gaudere?
915 807 917 814 ·
1049 811 1055 818 ·

167 863 204 922 V.
227 863 264 922 R.
285 862 514 924 Omnes'fideles
527 862 687 940 baptizatis
701 861 775 922 item
790 861 923 921 infideles
933 867 958 919 dr
972 861 995 921 J
997 860 1091 928 udaei,

127 941 234 1019 saltem
255 943 326 1004 dum
339 953 447 1020 petunt
470 942 656 1020 Baptismum
680 961 738 1002 non
761 941 917 1002 simularet
939 941 1010 1020 qnia
1025 939 1094 1017 pri-

127 1022 268 1101 vilegium
281 1023 338 1082 hoc
352 1041 524 1082 concessum
536 1033 582 1080 est
601 1041 659 1080 non
674 1031 734 1080 tam
757 1021 890 1098 personis
905 1021 995 1099 quarn
1008 1019 1094 1096 'ipsis

128 1101 201 1162 locis
215 1101 316 1162 sacris.
357 1103 407 1160 An
430 1100 502 1160 verd
517 1100 661 1160 Haeretioi
688 1101 725 1160 ea
746 1101 904 1178 gaudeant,
919 1101 1014 1178 majus
1044 1109 1095 1156 est

131 1181 274 1240 dubium:
295 1179 379 1241 certo
393 1201 452 1239 non
466 1179 598 1258 gaudent
613 1181 650 1238 eri
664 1179 693 1236 in
708 1179 831 1240 crimine
847 1179 989 1240 Haeresis.

168 1261 243 1326 Quae
272 1273 342 1320 sunt
366 1260 489 1319 crimina
516 1270 644 1338 exceptu
671 1259 689 1317 a
710 1258 863 1337 privilegio
886 1258 1097 1322 immunitatis

150 1340 282 1400 raefatae?
545 1385 547 1390 .
597 1386 599 1392 ,
798 1341 802 1365 ¹

129 1360 151 1418 p
169 1420 222 1479 Vl.
244 1419 282 1478 R.
297 1419 374 1479 Sunt
387 1429 463 1488 octo,
479 1437 612 1496 quorum,
627 1417 678 1488 qui
700 1417 744 1476 rei
758 1428 835 1494 sunt,
852 1417 1006 1506 privantur
1024 1416 1093 1494 pri·

128 1499 256 1578 vilegio;
276 1499 481 1578 exprimuntur
495 1509 595 1560 auteur
609 1498 639 1556 in
662 1491 844 1578 praelauduta
856 1495 1096 1558 Constitutione

129 1579 176 1640 his
190 1577 341 1639 terminis:
497 1625 500 1630 .

171 1660 197 1718 l.
219 1658 333 1720 Publici
346 1657 475 1728 latrones
488 1679 496 1716 ι
515 1719 518 1726 .

168 1740 198 1798 2.
219 1737 342 1797 Viarum
356 1748 557 1816 grassatoress

168 1819 198 1876 3.
219 1817 368 1896 Agrorum
382 1817 420 1876 de
443 1817 628 1896 opulatorasr
708 1869 711 1872 .

169 1899 198 1956 4.
219 1897 279 1962 Qui
299 1895 408 1957 homici
470 1893 718 1968 &mutilationes
741 1896 938 1955 membrorum
958 1893 989 1950 ln
1012 1893 1100 1970 ipsis

132 1975 287 2046 Ecclesiis,
301 1996 439 2036 earumve
454 1975 632 2036 coemeteriis
647 1975 833 2035 committere
847 1993 906 2032 non
920 1983 1098 2032 verentur:

169 2057 199 2114 5.
219 2055 279 2122 Qui
292 2055 452 2135 proditorie
461 2055 628 2134 proximum
642 2075 728 2114 suurn
742 2053 916 2114 occiderunt
925 2074 945 2110 :s

130 2213 152 2274 d
169 2137 199 2194 6.
221 2133 379 2205 Assassiui‚
394 2135 457 2195 sive
471 2135 522 2218 qui
544 2135 671 2224 pecuniis
692 2133 834 2208 conducti
843 2133 992 2229 ‘incautos
1007 2131 1102 2192 occi-

152 2225 225 2274 unt:
721 2241 724 2246 ·
902 2251 904 2256 -

170 2298 198 2352 7.
220 2292 444 2357 ReiHaeresisr
533 2292 547 2326 ³
570 2342 574 2348 ,
602 2329 603 2334 1
721 2337 723 2340 -
860 2329 864 2335 ·

170 2375 199 2432 8.
221 2373 279 2433 Rei
292 2371 369 2433 laesae
383 2373 554 2454 Majcstatis
568 2373 599 2432 in
613 2391 768 2454 personam
784 2369 939 2464 Prlnclpis.

169 2452 231 2514 Illis
258 2453 429 2522 criminibus
456 2453 592 2532 exceptis
618 2451 756 2532 adjunxit
783 2451 967 2511 Benedictus
998 2449 1101 2508 XIII.

132 2531 294 2594 constitut.
315 2540 447 2611 “eano
465 2532 601 2604 Divina,”
621 2537 675 2602 &a
699 2542 814 2610 septem
836 2529 894 2591 alia
912 2539 1052 2607 excepta
1077 2530 1100 2588 ὲ

132 2611 286 2690 privilegio
293 2612 378 2692 azyli,
393 2612 528 2672 scilicet:
881 2643 883 2656 =

173 2693 200 2749 1.
221 2691 446 2755 Extractionem
461 2691 620 2752 violentum
635 2711 675 2752 ex
688 2691 753 2751 loco
767 2689 861 2769 anylir
897 2711 911 2728 ·‘

172 2773 202 2828 2.
222 2769 425 2832 Homicidium
439 2771 602 2836 mediatum
615 2776 642 2830 dr
656 2770 869 2832 deliberatum:
966 2806 968 2810 ,

170 2852 201 2908 3.
221 2849 467 2912 Faloificationem
478 2850 660 2922 Litterarum
676 2845 935 2928 Apostolicorum:

171 2932 200 2990 4.
220 2928 344 2994 Furtum
352 2929 539 2992 commissum
553 2931 583 2990 in
598 2929 752 2990 Montibus
766 2925 891 2989 Pietatis
905 2927 923 2986 ai
936 2925 1104 2986 Ministris

132 3027 253 3070 corum:

171 3091 200 3147 5.
222 3087 400 3159 conflantes,
412 3088 622 3160 adulterantes,
635 3090 686 3154 'vel
699 3087 859 3159 tondentes
879 3103 1103 3164 quascumque

134 3169 274 3234 Monetas
287 3187 401 3238 aureas,
411 3169 460 3228 vel
473 3181 643 3248 argenteus:
853 3179 854 3182 ’

171 3251 199 3307 6.
221 3247 301 3316 Illos,
320 3249 370 3327 qui
389 3249 443 3314 sub
464 3249 582 3309 nomine
606 3248 703 3310 Curiae
724 3247 754 3306 in
768 3246 864 3306 aliena
877 3244 964 3305 domo
977 3263 1103 3323 perpe-

135 3337 216 3388 traut
228 3327 345 3405 rapinas
359 3346 428 3388 cum
441 3328 601 3388 homicidio
616 3327 665 3388 vel
680 3325 884 3387 mutilatione:

173 3410 200 3465 7.
222 3406 362 3486 Denique
388 3427 442 3486 pro
469 3408 580 3468 ditione
605 3408 738 3467 Romana
763 3401 923 3465 homicidia
949 3401 1105 3488 quaedam

133 3486 224 3551 etiam
238 3485 268 3548 in
281 3485 346 3544 rixa
360 3488 524 3557 commissa,
535 3493 588 3548 &a
890 3507 893 3516 ’

172 3564 354 3627 Benedictus
367 3565 449 3625 XIV.
463 3566 594 3627 Institut.
618 3565 700 3625 XLI.
713 3564 731 3645 ᾖ
744 3567 762 3623 6
777 3567 845 3632 nr.
858 3583 887 3642 p.
901 3551 969 3619 681.
988 3562 1106 3639 expli-

133 3644 281 3706 cationem
295 3645 501 3721 predictarum
516 3645 769 3712 constitutionum
783 3643 891 3704 texuit.
1025 3657 1028 3663 ’

173 3725 299 3802 Insuper
313 3723 421 3785 Edicto
436 3725 531 3804 Regia
544 3728 582 3785 ab
591 3723 777 3786 immunitate
787 3723 848 3782 loci
854 3719 1020 3787 excludunt
1034 3719 1111 3778 de..

135 3815 270 3864 coctores
292 3805 443 3872 bonorum,
463 3805 667 3877 incendiarios,
695 3802 892 3882 vagabundos,
919 3799 1105 3878 praedones,

146 3883 303 3960 actilegoa
325 3881 489 3952 seditiosos,
513 3888 565 3944 &a
580 3885 622 3944 ita
636 3885 684 3943 De
708 3883 791 3960 Cocq
814 3901 880 3959 pag.
905 3881 963 3938 544
988 3877 1103 3938 cimus

166 3961 244 4021 dicta
259 3968 285 4020 1.
299 3960 381 4020 Junii
395 3963 479 4022 1609.
493 3975 548 4024 art.
565 3966 591 4022 1.
605 3969 630 4022 8ι
648 3965 673 4024 l.
687 3961 760 4024 Julii
776 3963 861 4022 1616.
