2256 4090
153 189 208 244 150
545 192 586 240 ns
608 199 702 264 voro.

150 345 211 426 guli
226 363 293 403 eum
307 341 481 422 profitentes
494 339 623 400 debeant
636 361 702 401 esse
728 341 865 420 perfecti,
889 342 943 404 sed
963 345 1031 423 quio
1047 346 1095 408 de·

148 427 225 484 bent
237 423 362 484 tendere
376 421 414 480 orl
427 413 648 499 perfectionem.
726 434 730 442 ·
834 434 853 444 ·“
1030 436 1035 446 ·

190 504 291 562 Status
305 501 458 579 religiosus
481 511 581 559 tamen
594 513 653 558 non
668 499 793 578 requirit
814 511 882 560 vota
895 502 1044 573 solemnia,
1066 517 1096 564 ut

150 594 234 662 petet
247 582 277 639 in
285 581 417 640 Jesuitis.
458 579 581 638 Interim
592 589 686 638 status
700 579 730 636 in
741 580 872 656 generali
883 581 994 642 indicat
1022 603 1096 642 uum-

150 665 218 722 dom
232 656 465 740 immobilitatem
478 659 508 716 in
531 660 614 718 certe
636 652 805 718 conditione
826 659 923 719 mter·
945 662 975 720 S.
1045 681 1097 722 om.

150 752 253 822 quaest.
268 737 400 798 murt.
416 741 442 798 l.

190 820 333 898 Religiosi
348 819 377 876 in
393 817 560 900 Senonibus
573 817 670 876 vocari
685 817 780 876 solent
794 817 977 901 Regulures3
992 819 1097 899 Religi-

151 899 345 961 osaefaerninae
368 907 577 976 noncupentur
594 897 844 969 sanctimoniales,
867 894 983 977 velper
1007 899 1097 977 ephe

562 970 565 978 ι

148 981 239 1040 resim
253 977 408 1038 Monittlos.
473 999 477 1012 ¹
906 1047 909 1054 Ι

192 1061 221 1119 S.
235 1059 340 1118 Thom.
355 1067 455 1136 quaest.
472 1058 537 1116 188.
551 1067 605 1136 ert.
618 1058 646 1113 be
660 1056 850 1134 demonstret,
867 1055 1025 1135 Religionis
1039 1077 1101 1118 con·

151 1139 253 1199 venire
276 1137 415 1206 studium,
438 1136 698 1204 concernerent
719 1135 861 1214 idque'eri
875 1135 985 1215 triplici
1009 1157 1099 1208 eausa,

146 1218 288 1277 nimirum
299 1229 353 1296 pro
365 1214 427 1277 vitu
439 1215 676 1294 contemplative,
690 1227 746 1294 pro
756 1215 818 1274 vite
827 1215 932 1288 active,
945 1220 974 1274 ¹&
982 1227 1041 1295 pro
1053 1220 1099 1278 ob

129 1298 317 1358 ‚servatione
332 1297 421 1356 trium
434 1306 569 1355 votorum
583 1315 710 1354 suorum.
788 1293 805 1338 »²
852 1305 856 1313 ’
941 1305 945 1316 ’
1019 1306 1033 1319 ··

193 1377 333 1438 Curiosus
357 1395 446 1454 super
465 1376 521 1435 buc
544 1375 704 1457 quaestione
725 1374 806 1452 legat
829 1363 988 1452 Tractatus
1011 1375 1045 1434 P.
1068 1375 1103 1434 D.

151 1457 237 1517 Josn.
251 1455 393 1518 Mobillon
406 1455 548 1514 adversus
563 1453 901 1513 Abbotem'biunusteril
913 1453 1051 1534 Tiuppae.

193 1535 376 1615 Approbutio
391 1533 579 1612 Religionum
601 1541 810 1593 resemble-'est
825 1533 945 1594 Summ'o
964 1534 1103 1610 ·Boutiiici

152 1618 183 1674 in
198 1615 330 1675 Concilio
340 1614 406 1690 Lat.
420 1617 475 1672 sub
489 1614 590 1672 lnnoc.
604 1612 740 1692 Ill.cap.
753 1612 808 1671 ult.
822 1620 840 1690 .“
849 1613 897 1672 Ne
910 1613 1027 1672 nimus?

193 1695 234 1753 11.
248 1696 582 1760 Quatuornumerontur
596 1692 902 1770 Reguespprnoatae,
917 1699 1029 1770 ptaeter
1039 1690 1104 1753 Cer-

20 1781 23 1798 '
148 1775 355 1835 thusienorum
369 1763 598 1840 cresciturum,
612 1771 752 1832 videlicet
765 1773 860 1832 suncti
875 1771 1032 1849 ments.
1047 1775 1105 1831 Au·

152 1853 314 1933 gentinis.
328 1853 485 1912 Benedicti
494 1857 520 1909 u
529 1851 739 1920 s.'Frencisci·;
752 1852 790 1910 orl
800 1852 978 1930 aliquantes·
990 1851 1051 1912 illis
1064 1873 1104 1912 re

154 1935 302 1995 ducuntur
310 1933 430 2012 reliquae
445 1931 624 2010 Religiones‚
640 1931 770 2009 quemvis
781 1930 858 1990 inter
869 1951 901 1990 se
911 1951 964 2010 per
974 1932 1105 2010 proprias

155 2013 379 2074 constitutiones
395 2011 521 2071 multum
535 2011 712 2090 discrepent,
737 2009 882 2088 quomodo
896 2012 1105 2090 Augustinieni

146 2099 180 2152 ’δι
190 2092 377 2153 Dominicsni
391 2091 569 2152 collocuntur
580 2091 749 2150 sub‘eedent
759 2090 919 2168 Regulu’S.
928 2089 1107 2170 liugttstini3

156 2172 368 2234 cistercienses
382 2173 436 2231 sub
451 2171 496 2231 Re
538 2170 674 2246 lesuncti
688 2170 853 2230 Benedicti.
969 2181 980 2206 ·'
1022 2181 1025 2188 “

174 2319 178 2328 ,
195 2253 251 2310 ΙΙΙ.
266 2251 336 2310 Tria
348 2262 417 2310 vote
435 2271 494 2330 prae
507 2262 556 2309 ate
569 2249 700 2328 obligent
713 2252 772 2327 sub¹
781 2251 871 2328 greti.
911 2249 1024 2310 Unum
1039 2251 1106 2310 vero

151 2333 219 2402 ulio,
234 2351 298 2410 quae
309 2331 338 2388 in
349 2329 504 2410 regulevel
515 2329 545 2387 in
555 2329 813 2389 constitutionibus
823 2329 1024 2399 continentur,
1038 2329 1108 2389 obli·

154 2421 228 2490 gent
246 2413 300 2471 sub
313 2419 438 2490 peccato
454 2410 502 2469 vel
517 2411 571 2468 sub
589 2409 686 2486 greti,
704 2405 802 2485 oolllgi
821 2409 911 2468 debet
924 2422 963 2468 ex
977 2426 1107 2469 commu·

154 2481 240 2552 nilius
250 2489 401 2568 principiis
415 2509 480 2568 quae
494 2489 651 2548 trerlurtttu
663 2488 847 2548 inunctam
860 2489 899 2548 ele
911 2487 1067 2566 Legibus:
1080 2489 1107 2546 in

156 2571 269 2630 Ordine
288 2569 517 2629 Ptredicetorum
531 2587 569 2627 ne
594 2566 712 2646 quidem
727 2567 857 2645 obligent
878 2585 917 2627 ex
930 2587 982 2627 suo
997 2587 1107 2646 genere

154 2650 193 2710 ad
206 2650 330 2728 culpem,
345 2649 387 2708 ait
398 2649 428 2707 S.
439 2647 533 2705 Tne.
547 2649 573 2704 2.
585 2657 688 2726 quaest.
701 2648 767 2705 luo.
777 2659 832 2706 ert.
845 2649 873 2705 9.
886 2647 924 2706 ed
937 2649 963 2704 l.
976 2647 1108 2725 particu-

154 2730 245 2790 lurem
257 2729 371 2790 scilicet
384 2727 575 2805 Religionum,
588 2726 691 2786 verrlm
700 2737 770 2786 otuu
783 2726 963 2788 eocmsistit
976 2726 1062 2805 quod
1075 2746 1109 2786 ea

141 2809 288 2887 obligent
301 2806 549 2876 communitatem,
572 2817 606 2866 ut
618 2805 648 2863 in
663 2806 809 2866 communi
823 2807 1027 2876 observentur,
1046 2825 1108 2885 pro·

155 2890 225 2948 inde
245 2887 383 2966 Superior
397 2898 543 2966 peccaret,
566 2887 590 2946 si
604 2905 640 2946 ee
651 2887 817 2966 pbrogoret,
834 2885 1000 2964 petentum
1015 2885 1110 2964 negli-

156 2979 242 3046 geret
265 2987 374 3036 curam‚
400 2986 457 3045 quo
480 2965 577 3024 minus
600 2967 793 3026 observentur
815 2959 845 3022 in
874 2965 1108 3032 communitate;

156 3048 301 3126 obligatur
315 3046 393 3106 enim
408 3045 602 3108 communitos
616 3044 715 3104 vivere
740 3044 903 3122 secundum
927 3044 1065 3122 regulum
1085 3049 1108 3102 ir

67 3130 72 3139 '
156 3126 389 3188 constitutiones.
704 3151 709 3163 ·

153 3205 158 3212 '
195 3205 256 3300 IV..
269 3203 392 3266 clericis
416 3204 586 3284 specialiter·
607 3219 661 3283 per
690 3201 824 3264 Oenones
848 3199 1047 3287 probibentur
1068 3221 1111 3261 se·

156 3297 375 3443 quilliiglolistio.
398 3383 462 3443 cup.
489 3381 527 3422 ne
550 3362 658 3449 Clerici
683 3361 712 3421 S.
735 3361 792 3420 Th.
812 3363 883 3420 22.
897 3381 925 3442 q.
947 3364 995 3450 37.
1009 3372 1071 3440 art.
1084 3366 1112 3419 4.

154 3445 321 3583 ’ἣᾶῑὲὲῃαῐὶο
336 3489 470 3591 clamose,
486 3519 607 3590 scilicet,
623 3537 688 3600 quoe
701 3519 799 3600 agitur
812 3519 900 3581 armis
910 3517 957 3580 vel
971 3520 1110 3580 cunibus.

157 3623 220 3682 cap.
237 3605 262 3660 l.
276 3603 313 3662 de
330 3602 453 3662 Clerico.
469 3601 576 3660 Venet.
591 3601 683 3659 Conc.
697 3600 762 3660 Lat
776 3601 816 3680 4.

195 3683 273 3742 Ludi
287 3683 424 3750 alearum,
432 3680 606 3750 chartarum,
616 3690 802 3751 tesserarum,
813 3683 865 3740 irc.
879 3679 929 3758 qui
944 3679 1005 3739 sulti
1015 3679 1114 3740 fortu-

157 3763 196 3824 'nsi
205 3773 357 3841 reguntur.
379 3759 469 3820 Cone.
483 3757 550 3820 Lot.
562 3764 591 3818 4.
605 3779 632 3820 c.
648 3761 692 3817 16.
