2236 4084
27 159 30 168 “
128 157 183 216 ’16
468 173 552 216 aa
573 173 722 218 vinnons.
845 217 851 232 ,

133 333 213 401 pren
222 315 253 374 dr
264 313 379 392 species
388 312 530 392 quasdam
544 313 684 376 divinitus
698 315 819 385 infusas,
832 313 950 376 videtur
958 315 1078 378 essemi-

124 437 126 444 ,
143 396 286 463 raculoea,
296 394 345 454 vel
355 393 459 454 saltem
473 394 556 454 valde
573 395 821 463 extraordinaria3
842 399 999 474 namjuxta
1005 397 1078 456 Phil-

133 476 269 552 osophos
283 473 452 533 intellectus
466 473 496 532 in
509 473 626 534 mortali
640 494 761 552 corpore
770 475 902 534 existens
915 474 1079 536 naturaliter

144 553 259 632 operari
272 572 330 612 non
344 563 452 631 potest,
466 553 523 612 nisi
533 553 682 614 mediante
692 554 859 632 'phantasid
898 553 1020 613 Interim
1034 554 1079 614 hic

145 633 401 711 contemplationis
420 633 525 692 modus
548 633 579 692 ‘m
600 633 697 692 anima
717 633 830 694 Christi
840 633 1001 694 canusima
1014 633 1080 702 suit;

144 713 175 776 in
190 733 248 791 quo
261 711 451 790 probabiliter
461 713 552 772 etiam
565 711 753 791 participavit
761 714 796 772 B.
805 711 894 772 ΜΝ.
905 712 965 781 rita
974 722 1015 782 ut,
1024 731 1081 772 cor-

145 811 216 870 pore
245 789 418 860 dormiente,
446 791 543 852 anima
559 792 704 870 vigilaret,
718 804 824 862 oraret,
846 792 878 852 dt
902 802 1081 870 operaretur:

147 871 267 948 quidam
285 871 450 949 adjungunt
466 871 551 932 Joan.
564 872 660 949 Bapt,
675 872 706 930 ἃ
713 873 801 950 juxta
818 874 898 931 hunc
907 870 1026 930 modum
1035 890 1081 930 ex·

149 951 263 1032 plicant
275 959 392 1028 raptum
403 949 433 1010 S.
441 950 527 1012 Pauli
537 951 567 1014 in
581 950 706 1010 Coelunr.

237 1109 275 1168 n.
298 1111 343 1170 ro.
382 1109 439 1168 nn
460 1108 711 1170 nsnncnnus
730 1108 994 1170 nnvononrs.

454 1251 488 1312 a.
507 1251 605 1312 nam
619 1263 716 1331 qma
730 1255 777 1313 ss.
835 1213 839 1220 ’

144 1395 167 1454 Ι.
187 1351 320 1476 Effectus
326 1415 383 1473 per
404 1415 434 1456 se
450 1406 492 1455 est
510 1395 630 1458 Letoia
642 1395 811 1478 spiritooda
850 1394 889 1454 H.
918 1391 985 1456 Vra
997 1395 1088 1471 Dero-

203 1485 297 1535 tomm
310 1475 439 1538 loetitiom
451 1474 541 1544 lohet

184 1619 259 1684 QUI
273 1631 344 1679 sunt
357 1619 481 1680 effectus
490 1619 689 1681 Deuotionis?
984 1669 987 1676 .

181 1698 207 1756 1.
228 1699 402 1780 Respondet
416 1699 445 1759 S.
460 1699 564 1760 Thom.
578 1720 605 1779 q,
619 1701 667 1758 82.
683 1702 762 1774 ad:
777 1699 869 1778 primo
885 1700 916 1758 dr
931 1717 986 1780 per
1000 1720 1034 1760 se
1047 1711 1088 1761 est

126 1779 129 1786 ’
145 1777 305 1841 delectatio
319 1778 487 1859 spiritualis,
511 1779 573 1838 sive
595 1778 696 1838 laetitia
712 1779 836 1847 mentis;
865 1779 1041 1840 secundario
1061 1781 1088 1840 dr

126 1859 130 1866 “
143 1875 198 1934 per
208 1858 346 1919 accidens
360 1869 408 1917 est
421 1857 550 1930 tristitia,
565 1878 629 1937 quar
642 1871 690 1918 est
703 1859 866 1918 secunddm
881 1859 992 1920 Deum.
1010 1859 1089 1920 Idem

144 1937 334 2016 prosequitur
347 1937 377 2000 S·
387 1935 492 2002 Thonr.
506 1939 534 1996 2.
548 1939 576 1998 2.
582 1949 694 2078 Iputeat.
710 1939 776 1996 180.
788 1959 814 1998 a.
828 1943 856 1997 7.

183 2015 223 2080 ΙΙ.
243 2015 410 2076 Justissima
426 2015 518 2094 igitur
540 2017 569 2076 S.
607 2038 687 2081 ranc-
702 2015 830 2078 Salesius
843 2037 910 2098 pag.
926 2019 952 2077 1.
966 2039 995 2080 c.
1008 2019 1037 2078 2.
1051 2020 1089 2078 in-

145 2093 265 2153 vehitur
295 2095 326 2154 in
350 2095 484 2156 homines
520 2097 693 2168 mundanos,
725 2096 776 2175 qui
806 2097 1004 2170 devotionem,
1032 2098 1091 2158 sive

145 2172 319 2234 devotorum
343 2175 494 2235 hominum
517 2175 608 2238 vitam
632 2187 834 2255 aspernantur,
858 2177 950 2238 veluti
967 2177 1092 2246 tristem,

145 2252 291 2325 tetricam,
306 2254 525 2326 luctuosam&
538 2256 711 2324 molestam
732 2255 918 2316 aimborum
933 2255 1091 2335 spiritualis

128 2330 246 2392 'latitia
260 2333 357 2394 cordis
379 2346 500 2412 superet
523 2355 640 2396 omnem
663 2335 841 2396 mundanam
865 2335 1092 2400 delectationem

146 2413 213 2472 vere
229 2413 383 2486 difficilem,
406 2415 438 2474 dt
460 2415 684 2484 inconstantem,
707 2435 794 2495 quam
817 2435 888 2481 mox
901 2416 1091 2496 consequitur

146 2491 311 2552 amaritudo
335 2495 366 2553 dr
389 2493 600 2564 melancholia3
637 2495 707 2554 hinc
741 2495 843 2565 dicunt
871 2495 938 2582 Sap.
965 2495 994 2557 5.
1013 2515 1041 2554 v.
1067 2499 1093 2556 7.

146 2578 165 2616 t‘
173 2572 398 2635 Ambulavimus
412 2574 474 2640 vias
489 2573 645 2646 difficiles,”
667 2575 726 2636 dre.

432 2903 684 2993 QUAESTIO
724 2903 801 2980 ΙΙΙ.

400 3101 438 3172 N.
457 3102 498 3162 11.
536 3103 594 3162 DE
616 3104 848 3178 onnnonn

464 3339 468 3346 ⁴
489 3245 524 3307 S.
549 3247 647 3308 leoot.
658 3253 688 3326 ᾳ.
702 3250 750 3307 83.

145 3384 170 3446 Ι.
200 3387 345 3468 Definitio
376 3389 534 3460 Orationd.
586 3391 625 3451 11.
654 3391 807 3470 Definitor
832 3391 999 3456 dCottisio.
1040 3393 1094 3454 Ill.

454 3469 620 3541 Diuisione
638 3474 784 3531 mutinam

185 3609 209 3670 1.
230 3610 333 3676 QUID
344 3565 394 3672 est
407 3612 510 3677 Oratio
524 3613 702 3694 Theologisl

131 3689 302 3840 'reiiduid’t’
329 3690 471 3758 “Mentis
497 3692 528 3764 in
541 3694 640 3756 Deum
655 3695 781 3768 elevatio
793 3716 861 3760 cum
876 3698 1020 3778 petitione
1042 3699 1090 3758 de
