<?xml version="1.0" encoding="UTF-8"?>
<!DOCTYPE html PUBLIC "-//W3C//DTD XHTML 1.0 Transitional//EN"
    "http://www.w3.org/TR/xhtml1/DTD/xhtml1-transitional.dtd">
<html xmlns="http://www.w3.org/1999/xhtml" xml:lang="en" lang="en">
 <head>
  <title>
</title>
<meta http-equiv="Content-Type" content="text/html;charset=utf-8" />
  <meta name='ocr-system' content='tesseract 3.04.00' />
  <meta name='ocr-capabilities' content='ocr_page ocr_carea ocr_par ocr_line ocrx_word'/>
</head>
<body>
  <div class='ocr_page' id='page_1' title='image "./theologiamorali04densgoog_0083.png"; bbox 0 0 2236 4084; ppageno 0'>
   <div class='ocr_carea' id='block_1_1' title="bbox 126 151 679 214">
    <p class='ocr_par' dir='ltr' id='par_1_1' title="bbox 126 151 679 214">
     <span class='ocr_line' id='line_1_1' title="bbox 126 151 679 214; baseline 0.005 -5"><span class='ocrx_word' id='word_1_1' title='bbox 126 151 165 210; x_wconf 76' lang='lat'>72</span> <span class='ocrx_word' id='word_1_2' title='bbox 521 169 562 214; x_wconf 85' lang='lat' dir='ltr'>na</span> <span class='ocrx_word' id='word_1_3' title='bbox 583 169 679 214; x_wconf 80' lang='lat' dir='ltr'>noum</span> 
     </span>
    </p>
   </div>
   <div class='ocr_carea' id='block_1_2' title="bbox 98 302 1118 3184">
    <p class='ocr_par' dir='ltr' id='par_1_2' title="bbox 128 302 1116 788">
     <span class='ocr_line' id='line_1_2' title="bbox 128 302 1073 392; baseline 0.003 -23"><span class='ocrx_word' id='word_1_4' title='bbox 128 310 200 382; x_wconf 88' lang='lat' dir='ltr'>mili,</span> <span class='ocrx_word' id='word_1_5' title='bbox 214 330 273 372; x_wconf 90' lang='lat' dir='ltr'>nou</span> <span class='ocrx_word' id='word_1_6' title='bbox 287 328 402 390; x_wconf 83' lang='lat' dir='ltr'>semper</span> <span class='ocrx_word' id='word_1_7' title='bbox 425 310 554 392; x_wconf 76' lang='lat' dir='ltr'>gaudeat</span> <span class='ocrx_word' id='word_1_8' title='bbox 580 302 833 372; x_wconf 75' lang='lat' dir='ltr'>disnimtionmbs</span> <span class='ocrx_word' id='word_1_9' title='bbox 861 309 1002 390; x_wconf 85' lang='lat' dir='ltr'>omnibus,</span> <span class='ocrx_word' id='word_1_10' title='bbox 1023 315 1073 372; x_wconf 87' lang='lat' dir='ltr'>sed</span> 
     </span>
     <span class='ocr_line' id='line_1_3' title="bbox 128 389 1116 470; baseline -0.003 -19"><span class='ocrx_word' id='word_1_11' title='bbox 128 390 224 452; x_wconf 78' lang='lat' dir='ltr'>solnm</span> <span class='ocrx_word' id='word_1_12' title='bbox 239 389 597 470; x_wconf 79' lang='lat' dir='ltr'>secunddmdiligentiam</span> <span class='ocrx_word' id='word_1_13' title='bbox 608 391 742 459; x_wconf 67' lang='lat' dir='ltr'>solitam</span> <span class='ocrx_word' id='word_1_14' title='bbox 762 409 830 450; x_wconf 87' lang='lat' dir='ltr'>nam</span> <span class='ocrx_word' id='word_1_15' title='bbox 841 389 961 468; x_wconf 84' lang='lat' dir='ltr'>reliquae</span> <span class='ocrx_word' id='word_1_16' title='bbox 974 389 1073 449; x_wconf 88' lang='lat' dir='ltr'>absen-</span> <span class='ocrx_word' id='word_1_17' title='bbox 1113 406 1116 430; x_wconf 55' lang='lat' dir='ltr'>i</span> 
     </span>
     <span class='ocr_line' id='line_1_4' title="bbox 131 465 1073 550; baseline 0 -20"><span class='ocrx_word' id='word_1_18' title='bbox 131 470 180 530; x_wconf 75' lang='lat' dir='ltr'>tiae</span> <span class='ocrx_word' id='word_1_19' title='bbox 194 491 252 530; x_wconf 91' lang='lat' dir='ltr'>non</span> <span class='ocrx_word' id='word_1_20' title='bbox 266 481 424 537; x_wconf 79' lang='lat' dir='ltr'>censentur</span> <span class='ocrx_word' id='word_1_21' title='bbox 438 491 477 531; x_wconf 85' lang='lat' dir='ltr'>ex</span> <span class='ocrx_word' id='word_1_22' title='bbox 491 465 701 550; x_wconf 83' lang='lat' dir='ltr'>impedimento</span> <span class='ocrx_word' id='word_1_23' title='bbox 726 468 902 531; x_wconf 80' lang='lat' dir='ltr'>infirmitatis</span> <span class='ocrx_word' id='word_1_24' title='bbox 916 469 1073 548; x_wconf 88' lang='lat' dir='ltr'>provenire,</span> 
     </span>
     <span class='ocr_line' id='line_1_5' title="bbox 131 547 1115 630; baseline -0.002 -20"><span class='ocrx_word' id='word_1_25' title='bbox 131 549 369 630; x_wconf 86' lang='lat' dir='ltr'>quandoquidem</span> <span class='ocrx_word' id='word_1_26' title='bbox 382 551 457 610; x_wconf 84' lang='lat' dir='ltr'>liber</span> <span class='ocrx_word' id='word_1_27' title='bbox 468 547 489 610; x_wconf 68' lang='lat' dir='ltr'>a</span> <span class='ocrx_word' id='word_1_28' title='bbox 500 551 602 610; x_wconf 88' lang='lat' dir='ltr'>morbo</span> <span class='ocrx_word' id='word_1_29' title='bbox 617 569 649 610; x_wconf 88' lang='lat' dir='ltr'>se</span> <span class='ocrx_word' id='word_1_30' title='bbox 663 550 800 629; x_wconf 84' lang='lat' dir='ltr'><strong>equidem</strong></span> <span class='ocrx_word' id='word_1_31' title='bbox 814 549 1007 611; x_wconf 82' lang='lat' dir='ltr'>absentasset</span> <span class='ocrx_word' id='word_1_32' title='bbox 1071 575 1072 582; x_wconf 85' lang='lat'>¹</span> <span class='ocrx_word' id='word_1_33' title='bbox 1113 616 1115 622; x_wconf 25' lang='lat'><strong><em>¹</em></strong></span> 
     </span>
     <span class='ocr_line' id='line_1_6' title="bbox 140 625 1116 710; baseline -0.005 -16"><span class='ocrx_word' id='word_1_34' title='bbox 140 639 141 642; x_wconf 75' lang='grc'>’</span> <span class='ocrx_word' id='word_1_35' title='bbox 171 625 298 694; x_wconf 80' lang='lat' dir='ltr'><strong>Quinam</strong></span> <span class='ocrx_word' id='word_1_36' title='bbox 310 629 464 708; x_wconf 70' lang='lat' dir='ltr'>priventur</span> <span class='ocrx_word' id='word_1_37' title='bbox 477 627 740 710; x_wconf 80' lang='lat' dir='ltr'>distributionibus,</span> <span class='ocrx_word' id='word_1_38' title='bbox 754 627 885 708; x_wconf 85' lang='lat' dir='ltr'>explicat</span> <span class='ocrx_word' id='word_1_39' title='bbox 898 627 1028 688; x_wconf 85' lang='lat' dir='ltr'>Barbosa</span> <span class='ocrx_word' id='word_1_40' title='bbox 1041 627 1075 690; x_wconf 88' lang='lat' dir='ltr'>de</span> <span class='ocrx_word' id='word_1_41' title='bbox 1114 693 1116 702; x_wconf 19' lang='lat' dir='ltr'><em>A</em></span> 
     </span>
     <span class='ocr_line' id='line_1_7' title="bbox 131 707 1115 788; baseline -0.005 -19"><span class='ocrx_word' id='word_1_42' title='bbox 131 707 288 769; x_wconf 85' lang='lat' dir='ltr'>Canonicis</span> <span class='ocrx_word' id='word_1_43' title='bbox 302 729 367 788; x_wconf 88' lang='lat' dir='ltr'>cap.</span> <span class='ocrx_word' id='word_1_44' title='bbox 379 711 429 768; x_wconf 74' lang='grc'>22.</span> <span class='ocrx_word' id='word_1_45' title='bbox 681 735 682 738; x_wconf 79' lang='lat'>¹</span> <span class='ocrx_word' id='word_1_46' title='bbox 828 777 831 786; x_wconf 71' lang='lat'><em>,</em></span> <span class='ocrx_word' id='word_1_47' title='bbox 1114 709 1115 717; x_wconf 77' lang='grc'>’</span> 
     </span>
    </p>

    <p class='ocr_par' dir='ltr' id='par_1_3' title="bbox 130 787 1118 1168">
     <span class='ocr_line' id='line_1_8' title="bbox 170 787 1077 868; baseline 0 -22"><span class='ocrx_word' id='word_1_48' title='bbox 170 787 240 846; x_wconf 83' lang='lat' dir='ltr'>VH.</span> <span class='ocrx_word' id='word_1_49' title='bbox 261 788 341 848; x_wconf 84' lang='lat' dir='ltr'>Nota</span> <span class='ocrx_word' id='word_1_50' title='bbox 353 787 484 848; x_wconf 82' lang='lat' dir='ltr'>secundd</span> <span class='ocrx_word' id='word_1_51' title='bbox 494 790 581 868; x_wconf 86' lang='lat' dir='ltr'>juxta</span> <span class='ocrx_word' id='word_1_52' title='bbox 607 787 815 853; x_wconf 86' lang='lat' dir='ltr'>deductionem</span> <span class='ocrx_word' id='word_1_53' title='bbox 837 803 959 846; x_wconf 84' lang='lat' dir='ltr'>numero</span> <span class='ocrx_word' id='word_1_54' title='bbox 971 804 1077 866; x_wconf 85' lang='lat' dir='ltr'>praece·</span> 
     </span>
     <span class='ocr_line' id='line_1_9' title="bbox 131 863 1077 962; baseline -0.002 -36"><span class='ocrx_word' id='word_1_55' title='bbox 131 867 214 926; x_wconf 90' lang='lat' dir='ltr'>denti</span> <span class='ocrx_word' id='word_1_56' title='bbox 240 867 359 938; x_wconf 86' lang='lat' dir='ltr'>factam,</span> <span class='ocrx_word' id='word_1_57' title='bbox 385 868 467 962; x_wconf 83' lang='lat' dir='ltr'>qudd</span> <span class='ocrx_word' id='word_1_58' title='bbox 493 887 546 948; x_wconf 87' lang='lat' dir='ltr'>pro</span> <span class='ocrx_word' id='word_1_59' title='bbox 566 863 719 929; x_wconf 69' lang='lat' dir='ltr'>&#39;lucrandis</span> <span class='ocrx_word' id='word_1_60' title='bbox 746 865 1001 928; x_wconf 77' lang='lat' dir='ltr'>distributionibus</span> <span class='ocrx_word' id='word_1_61' title='bbox 1019 884 1077 926; x_wconf 88' lang='lat' dir='ltr'>non</span> 
     </span>
     <span class='ocr_line' id='line_1_10' title="bbox 131 935 1078 1038; baseline -0.002 -32"><span class='ocrx_word' id='word_1_62' title='bbox 131 946 255 1007; x_wconf 86' lang='lat' dir='ltr'>sufficiat</span> <span class='ocrx_word' id='word_1_63' title='bbox 267 959 424 1026; x_wconf 75' lang='lat' dir='ltr'>prasentia</span> <span class='ocrx_word' id='word_1_64' title='bbox 436 945 603 1026; x_wconf 88' lang='lat' dir='ltr'>corporalis,</span> <span class='ocrx_word' id='word_1_65' title='bbox 628 949 681 1008; x_wconf 89' lang='lat' dir='ltr'>sed</span> <span class='ocrx_word' id='word_1_66' title='bbox 704 946 829 1008; x_wconf 78' lang='lat' dir='ltr'>ulterius</span> <span class='ocrx_word' id='word_1_67' title='bbox 849 944 1024 1038; x_wconf 70' lang='lat' dir='ltr'>requiratur,</span> <span class='ocrx_word' id='word_1_68' title='bbox 1044 935 1078 1006; x_wconf 81' lang='lat' dir='ltr'>bt</span> 
     </span>
     <span class='ocr_line' id='line_1_11' title="bbox 131 1024 1117 1110; baseline -0.002 -24"><span class='ocrx_word' id='word_1_69' title='bbox 131 1038 291 1110; x_wconf 73' lang='lat' dir='ltr'>prasentes</span> <span class='ocrx_word' id='word_1_70' title='bbox 305 1039 430 1098; x_wconf 85' lang='lat' dir='ltr'>canaut;</span> <span class='ocrx_word' id='word_1_71' title='bbox 450 1025 506 1087; x_wconf 89' lang='lat' dir='ltr'>nisi</span> <span class='ocrx_word' id='word_1_72' title='bbox 530 1027 645 1094; x_wconf 87' lang='lat' dir='ltr'>scilicet</span> <span class='ocrx_word' id='word_1_73' title='bbox 666 1047 705 1090; x_wconf 86' lang='lat' dir='ltr'>ex</span> <span class='ocrx_word' id='word_1_74' title='bbox 728 1045 817 1088; x_wconf 87' lang='lat' dir='ltr'>causa</span> <span class='ocrx_word' id='word_1_75' title='bbox 837 1024 970 1104; x_wconf 83' lang='lat' dir='ltr'>legitima</span> <span class='ocrx_word' id='word_1_76' title='bbox 990 1043 1078 1084; x_wconf 85' lang='lat' dir='ltr'>exco-</span> <span class='ocrx_word' id='word_1_77' title='bbox 1115 1044 1117 1047; x_wconf 71' lang='grc'><strong>’</strong></span> 
     </span>
     <span class='ocr_line' id='line_1_12' title="bbox 130 1117 1118 1168; baseline -0.005 -2"><span class='ocrx_word' id='word_1_78' title='bbox 130 1117 241 1166; x_wconf 74' lang='lat' dir='ltr'>suitur.</span> <span class='ocrx_word' id='word_1_79' title='bbox 710 1130 713 1138; x_wconf 62' lang='lat'><strong><em>¹</em></strong></span> <span class='ocrx_word' id='word_1_80' title='bbox 914 1141 917 1151; x_wconf 49' lang='grc' dir='ltr'>ι</span> <span class='ocrx_word' id='word_1_81' title='bbox 1113 1132 1118 1168; x_wconf 72' lang='lat'><strong><em>;</em></strong></span> 
     </span>
    </p>

    <p class='ocr_par' dir='ltr' id='par_1_4' title="bbox 98 1181 1117 1506">
     <span class='ocr_line' id='line_1_13' title="bbox 172 1181 1080 1264; baseline -0.002 -20"><span class='ocrx_word' id='word_1_82' title='bbox 172 1185 315 1246; x_wconf 83' lang='lat' dir='ltr'>Excusati</span> <span class='ocrx_word' id='word_1_83' title='bbox 330 1204 348 1246; x_wconf 92' lang='lat' dir='ltr'>a</span> <span class='ocrx_word' id='word_1_84' title='bbox 361 1197 459 1258; x_wconf 89' lang='lat' dir='ltr'>cantu,</span> <span class='ocrx_word' id='word_1_85' title='bbox 473 1205 501 1244; x_wconf 88' lang='lat' dir='ltr'>v.</span> <span class='ocrx_word' id='word_1_86' title='bbox 514 1205 543 1264; x_wconf 81' lang='lat' dir='ltr'>g.</span> <span class='ocrx_word' id='word_1_87' title='bbox 557 1187 595 1246; x_wconf 90' lang='lat' dir='ltr'>ob</span> <span class='ocrx_word' id='word_1_88' title='bbox 609 1185 793 1256; x_wconf 71' lang='lat' dir='ltr'>raucitatem,</span> <span class='ocrx_word' id='word_1_89' title='bbox 813 1183 924 1244; x_wconf 88' lang='lat' dir='ltr'>debent</span> <span class='ocrx_word' id='word_1_90' title='bbox 938 1181 968 1241; x_wconf 92' lang='lat' dir='ltr'>in</span> <span class='ocrx_word' id='word_1_91' title='bbox 991 1183 1080 1242; x_wconf 91' lang='lat' dir='ltr'>cboro</span> 
     </span>
     <span class='ocr_line' id='line_1_14' title="bbox 131 1255 1114 1344; baseline -0.006 -18"><span class='ocrx_word' id='word_1_92' title='bbox 131 1255 381 1344; x_wconf 73' lang='lat' dir='ltr'>oesepraesentes,</span> <span class='ocrx_word' id='word_1_93' title='bbox 409 1277 443 1326; x_wconf 92' lang='lat' dir='ltr'>ut</span> <span class='ocrx_word' id='word_1_94' title='bbox 470 1265 574 1326; x_wconf 87' lang='lat' dir='ltr'>Officio</span> <span class='ocrx_word' id='word_1_95' title='bbox 601 1267 739 1326; x_wconf 85' lang='lat' dir='ltr'>assistant</span> <span class='ocrx_word' id='word_1_96' title='bbox 766 1263 909 1344; x_wconf 77' lang='lat' dir='ltr'>quantiam</span> <span class='ocrx_word' id='word_1_97' title='bbox 935 1273 1079 1342; x_wconf 82' lang='lat' dir='ltr'>possunt:</span> <span class='ocrx_word' id='word_1_98' title='bbox 1112 1284 1114 1292; x_wconf 84' lang='lat'>¹</span> 
     </span>
     <span class='ocr_line' id='line_1_15' title="bbox 98 1341 1117 1416; baseline -0.002 -14"><span class='ocrx_word' id='word_1_99' title='bbox 98 1389 104 1399; x_wconf 84' lang='lat'><strong>.</strong></span> <span class='ocrx_word' id='word_1_100' title='bbox 131 1344 189 1406; x_wconf 89' lang='lat' dir='ltr'>hoc</span> <span class='ocrx_word' id='word_1_101' title='bbox 202 1346 281 1406; x_wconf 87' lang='lat' dir='ltr'>anim</span> <span class='ocrx_word' id='word_1_102' title='bbox 294 1344 434 1406; x_wconf 88' lang='lat' dir='ltr'>conducit</span> <span class='ocrx_word' id='word_1_103' title='bbox 446 1345 485 1416; x_wconf 80' lang='lat' dir='ltr'>ajd</span> <span class='ocrx_word' id='word_1_104' title='bbox 498 1344 713 1406; x_wconf 84' lang='lat' dir='ltr'>solemnitatem</span> <span class='ocrx_word' id='word_1_105' title='bbox 741 1343 838 1405; x_wconf 85' lang='lat' dir='ltr'>Officii</span> <span class='ocrx_word' id='word_1_106' title='bbox 864 1345 891 1402; x_wconf 79' lang='lat' dir='ltr'>dr</span> <span class='ocrx_word' id='word_1_107' title='bbox 917 1341 956 1401; x_wconf 89' lang='lat' dir='ltr'>ad</span> <span class='ocrx_word' id='word_1_108' title='bbox 969 1341 1080 1402; x_wconf 73' lang='lat' dir='ltr'>wlnun</span> <span class='ocrx_word' id='word_1_109' title='bbox 1115 1356 1117 1363; x_wconf 58' lang='lat'><strong>⁴</strong></span> 
     </span>
     <span class='ocr_line' id='line_1_16' title="bbox 132 1419 1114 1506; baseline -0.003 -22"><span class='ocrx_word' id='word_1_110' title='bbox 132 1423 202 1493; x_wconf 86' lang='lat' dir='ltr'>Dei,</span> <span class='ocrx_word' id='word_1_111' title='bbox 214 1423 287 1485; x_wconf 85' lang='lat' dir='ltr'>dum</span> <span class='ocrx_word' id='word_1_112' title='bbox 301 1425 351 1506; x_wconf 72' lang='lat' dir='ltr'>pie</span> <span class='ocrx_word' id='word_1_113' title='bbox 364 1424 511 1486; x_wconf 89' lang='lat' dir='ltr'>audiendo</span> <span class='ocrx_word' id='word_1_114' title='bbox 523 1423 588 1484; x_wconf 85' lang='lat' dir='ltr'>aliis</span> <span class='ocrx_word' id='word_1_115' title='bbox 602 1419 792 1485; x_wconf 86' lang='lat' dir='ltr'>associantur.</span> <span class='ocrx_word' id='word_1_116' title='bbox 1112 1497 1114 1505; x_wconf 18' lang='grc' dir='ltr'><em>Α</em></span> 
     </span>
    </p>

    <p class='ocr_par' dir='ltr' id='par_1_5' title="bbox 130 1499 1118 2918">
     <span class='ocr_line' id='line_1_17' title="bbox 172 1499 1115 1584; baseline -0.002 -22"><span class='ocrx_word' id='word_1_117' title='bbox 172 1503 258 1563; x_wconf 85' lang='lat' dir='ltr'><strong>VIII.</strong></span> <span class='ocrx_word' id='word_1_118' title='bbox 280 1505 330 1564; x_wconf 87' lang='lat' dir='ltr'>An</span> <span class='ocrx_word' id='word_1_119' title='bbox 344 1502 378 1576; x_wconf 87' lang='lat' dir='ltr'>is,</span> <span class='ocrx_word' id='word_1_120' title='bbox 393 1503 443 1584; x_wconf 89' lang='lat' dir='ltr'>qui</span> <span class='ocrx_word' id='word_1_121' title='bbox 457 1523 525 1564; x_wconf 88' lang='lat' dir='ltr'>cum</span> <span class='ocrx_word' id='word_1_122' title='bbox 535 1503 726 1576; x_wconf 81' lang='lat' dir='ltr'>distractione</span> <span class='ocrx_word' id='word_1_123' title='bbox 739 1502 827 1584; x_wconf 71' lang='lat' dir='ltr'>plene</span> <span class='ocrx_word' id='word_1_124' title='bbox 836 1499 1000 1561; x_wconf 78' lang='lat' dir='ltr'>voluntaria</span> <span class='ocrx_word' id='word_1_125' title='bbox 1014 1517 1082 1560; x_wconf 80' lang='lat' dir='ltr'>can-</span> <span class='ocrx_word' id='word_1_126' title='bbox 1112 1516 1115 1532; x_wconf 81' lang='lat'><strong>¹</strong></span> 
     </span>
     <span class='ocr_line' id='line_1_18' title="bbox 131 1577 1114 1664; baseline -0.002 -22"><span class='ocrx_word' id='word_1_127' title='bbox 131 1593 177 1643; x_wconf 84' lang='lat' dir='ltr'>tat</span> <span class='ocrx_word' id='word_1_128' title='bbox 190 1583 326 1644; x_wconf 84' lang='lat' dir='ltr'>Officium</span> <span class='ocrx_word' id='word_1_129' title='bbox 340 1583 371 1642; x_wconf 92' lang='lat' dir='ltr'>in</span> <span class='ocrx_word' id='word_1_130' title='bbox 385 1585 483 1655; x_wconf 82' lang='lat' dir='ltr'>choro,</span> <span class='ocrx_word' id='word_1_131' title='bbox 506 1583 600 1664; x_wconf 90' lang='lat' dir='ltr'>possit</span> <span class='ocrx_word' id='word_1_132' title='bbox 625 1583 761 1664; x_wconf 87' lang='lat' dir='ltr'>accipere</span> <span class='ocrx_word' id='word_1_133' title='bbox 784 1577 1004 1644; x_wconf 87' lang='lat' dir='ltr'>distributiones</span> <span class='ocrx_word' id='word_1_134' title='bbox 1018 1599 1082 1640; x_wconf 88' lang='lat' dir='ltr'>oar·</span> <span class='ocrx_word' id='word_1_135' title='bbox 1112 1577 1114 1612; x_wconf 78' lang='lat'><em>³</em></span> 
     </span>
     <span class='ocr_line' id='line_1_19' title="bbox 131 1663 1115 1724; baseline -0.002 0"><span class='ocrx_word' id='word_1_136' title='bbox 131 1681 178 1724; x_wconf 78' lang='lat' dir='ltr'>ras</span> <span class='ocrx_word' id='word_1_137' title='bbox 218 1663 366 1724; x_wconf 81' lang='lat' dir='ltr'>ndentes?</span> <span class='ocrx_word' id='word_1_138' title='bbox 780 1669 810 1698; x_wconf 91' lang='lat'>&#39;·</span> <span class='ocrx_word' id='word_1_139' title='bbox 1112 1669 1115 1722; x_wconf 77' lang='lat' dir='ltr'>i</span> 
     </span>
     <span class='ocr_line' id='line_1_20' title="bbox 157 1682 1087 1822; baseline -0.003 -20"><span class='ocrx_word' id='word_1_140' title='bbox 157 1682 227 1802; x_wconf 64' lang='lat' dir='ltr'>III.</span> <span class='ocrx_word' id='word_1_141' title='bbox 249 1741 340 1822; x_wconf 68' lang='lat' dir='ltr'>Resp,</span> <span class='ocrx_word' id='word_1_142' title='bbox 365 1743 475 1804; x_wconf 86' lang='lat' dir='ltr'>Bonac.</span> <span class='ocrx_word' id='word_1_143' title='bbox 498 1741 656 1820; x_wconf 72' lang='lat' dir='ltr'>negative:</span> <span class='ocrx_word' id='word_1_144' title='bbox 685 1741 754 1822; x_wconf 89' lang='lat' dir='ltr'>quia</span> <span class='ocrx_word' id='word_1_145' title='bbox 780 1740 830 1800; x_wconf 88' lang='lat' dir='ltr'>illa</span> <span class='ocrx_word' id='word_1_146' title='bbox 856 1759 915 1798; x_wconf 91' lang='lat' dir='ltr'>non</span> <span class='ocrx_word' id='word_1_147' title='bbox 943 1738 1087 1818; x_wconf 68' lang='lat' dir='ltr'>persolvit</span> 
     </span>
     <span class='ocr_line' id='line_1_21' title="bbox 132 1817 1118 1916; baseline -0.006 -34"><span class='ocrx_word' id='word_1_148' title='bbox 132 1819 269 1882; x_wconf 87' lang='lat' dir='ltr'>Officium</span> <span class='ocrx_word' id='word_1_149' title='bbox 284 1821 459 1894; x_wconf 59' lang='lat' dir='ltr'>eboracum</span> <span class='ocrx_word' id='word_1_150' title='bbox 481 1822 625 1916; x_wconf 76' lang='lat' dir='ltr'>ejusmodi</span> <span class='ocrx_word' id='word_1_151' title='bbox 648 1821 801 1882; x_wconf 87' lang='lat' dir='ltr'>distractio</span> <span class='ocrx_word' id='word_1_152' title='bbox 828 1817 1083 1890; x_wconf 76' lang='lat' dir='ltr'>tollatrationsrn</span> <span class='ocrx_word' id='word_1_153' title='bbox 1115 1824 1118 1837; x_wconf 83' lang='lat'>&#39;</span> 
     </span>
     <span class='ocr_line' id='line_1_22' title="bbox 131 1897 1116 1982; baseline -0.006 -20"><span class='ocrx_word' id='word_1_154' title='bbox 131 1919 209 1962; x_wconf 84' lang='lat' dir='ltr'>verae</span> <span class='ocrx_word' id='word_1_155' title='bbox 235 1901 374 1962; x_wconf 89' lang='lat' dir='ltr'>orationis</span> <span class='ocrx_word' id='word_1_156' title='bbox 396 1901 554 1981; x_wconf 67' lang='lat' dir='ltr'>requisitu.</span> <span class='ocrx_word' id='word_1_157' title='bbox 575 1929 577 1936; x_wconf 87' lang='lat'><em>·</em></span> <span class='ocrx_word' id='word_1_158' title='bbox 596 1901 698 1982; x_wconf 90' lang='lat' dir='ltr'>Aliqui</span> <span class='ocrx_word' id='word_1_159' title='bbox 722 1913 822 1962; x_wconf 85' lang='lat' dir='ltr'>tamen</span> <span class='ocrx_word' id='word_1_160' title='bbox 845 1897 1014 1960; x_wconf 72' lang='lat' dir='ltr'>concedant</span> <span class='ocrx_word' id='word_1_161' title='bbox 1034 1915 1084 1957; x_wconf 89' lang='lat' dir='ltr'>eas</span> <span class='ocrx_word' id='word_1_162' title='bbox 1115 1927 1116 1930; x_wconf 79' lang='lat'>¹</span> 
     </span>
     <span class='ocr_line' id='line_1_23' title="bbox 131 1975 1084 2060; baseline -0.004 -20"><span class='ocrx_word' id='word_1_163' title='bbox 131 1979 252 2052; x_wconf 83' lang='lat' dir='ltr'>musicis</span> <span class='ocrx_word' id='word_1_164' title='bbox 264 1982 312 2042; x_wconf 81' lang='lat' dir='ltr'>vel</span> <span class='ocrx_word' id='word_1_165' title='bbox 326 1981 494 2054; x_wconf 85' lang='lat' dir='ltr'>cantoribus</span> <span class='ocrx_word' id='word_1_166' title='bbox 507 1981 590 2060; x_wconf 87' lang='lat' dir='ltr'>quasi</span> <span class='ocrx_word' id='word_1_167' title='bbox 602 1980 792 2057; x_wconf 76' lang='lat' dir='ltr'>mercenariis</span> <span class='ocrx_word' id='word_1_168' title='bbox 810 1998 869 2038; x_wconf 87' lang='lat' dir='ltr'>non</span> <span class='ocrx_word' id='word_1_169' title='bbox 883 1975 1084 2048; x_wconf 69' lang='lat' dir='ltr'>Beneficiatia</span> 
     </span>
     <span class='ocr_line' id='line_1_24' title="bbox 130 2057 1085 2143; baseline -0.005 -23"><span class='ocrx_word' id='word_1_170' title='bbox 130 2059 170 2120; x_wconf 66' lang='lat' dir='ltr'>ab</span> <span class='ocrx_word' id='word_1_171' title='bbox 185 2060 266 2139; x_wconf 83' lang='lat' dir='ltr'>qudd</span> <span class='ocrx_word' id='word_1_172' title='bbox 284 2061 341 2142; x_wconf 87' lang='lat' dir='ltr'>ipsi</span> <span class='ocrx_word' id='word_1_173' title='bbox 367 2060 522 2122; x_wconf 86' lang='lat' dir='ltr'>videantur</span> <span class='ocrx_word' id='word_1_174' title='bbox 546 2060 683 2141; x_wconf 83' lang='lat' dir='ltr'>accipere</span> <span class='ocrx_word' id='word_1_175' title='bbox 705 2058 884 2143; x_wconf 87' lang='lat' dir='ltr'>stipendium</span> <span class='ocrx_word' id='word_1_176' title='bbox 911 2057 1085 2116; x_wconf 82' lang='lat' dir='ltr'>obeuntum</span> 
     </span>
     <span class='ocr_line' id='line_1_25' title="bbox 131 2135 1087 2222; baseline -0.002 -24"><span class='ocrx_word' id='word_1_177' title='bbox 131 2141 232 2202; x_wconf 73' lang='lat' dir='ltr'>meret</span> <span class='ocrx_word' id='word_1_178' title='bbox 253 2151 379 2222; x_wconf 88' lang='lat' dir='ltr'>peccant</span> <span class='ocrx_word' id='word_1_179' title='bbox 391 2140 509 2200; x_wconf 88' lang='lat' dir='ltr'>interim</span> <span class='ocrx_word' id='word_1_180' title='bbox 534 2139 656 2218; x_wconf 71' lang='lat' dir='ltr'>indigne</span> <span class='ocrx_word' id='word_1_181' title='bbox 681 2145 708 2200; x_wconf 72' lang='lat' dir='ltr'>u</span> <span class='ocrx_word' id='word_1_182' title='bbox 731 2138 915 2218; x_wconf 75' lang='lat' dir='ltr'>negIIgentcr</span> <span class='ocrx_word' id='word_1_183' title='bbox 928 2135 1087 2196; x_wconf 83' lang='lat' dir='ltr'>tractando</span> 
     </span>
     <span class='ocr_line' id='line_1_26' title="bbox 133 2214 1086 2300; baseline -0.008 -20"><span class='ocrx_word' id='word_1_184' title='bbox 133 2219 270 2292; x_wconf 76' lang='lat' dir='ltr'>Officium</span> <span class='ocrx_word' id='word_1_185' title='bbox 291 2220 457 2294; x_wconf 78' lang='lat' dir='ltr'>Divinrnn3¹</span> <span class='ocrx_word' id='word_1_186' title='bbox 471 2218 550 2280; x_wconf 87' lang='lat' dir='ltr'>unde</span> <span class='ocrx_word' id='word_1_187' title='bbox 564 2219 651 2280; x_wconf 89' lang='lat' dir='ltr'>sicuti</span> <span class='ocrx_word' id='word_1_188' title='bbox 678 2219 791 2300; x_wconf 86' lang='lat' dir='ltr'>indigni</span> <span class='ocrx_word' id='word_1_189' title='bbox 814 2227 883 2276; x_wconf 87' lang='lat' dir='ltr'>sunt</span> <span class='ocrx_word' id='word_1_190' title='bbox 904 2214 985 2274; x_wconf 92' lang='lat' dir='ltr'>omni</span> <span class='ocrx_word' id='word_1_191' title='bbox 998 2214 1086 2274; x_wconf 90' lang='lat' dir='ltr'>retri-</span> 
     </span>
     <span class='ocr_line' id='line_1_27' title="bbox 132 2291 1087 2370; baseline -0.006 -12"><span class='ocrx_word' id='word_1_192' title='bbox 132 2299 253 2360; x_wconf 80' lang='lat' dir='ltr'>butione</span> <span class='ocrx_word' id='word_1_193' title='bbox 266 2317 364 2362; x_wconf 86' lang='lat' dir='ltr'>coram</span> <span class='ocrx_word' id='word_1_194' title='bbox 379 2299 456 2370; x_wconf 84' lang='lat' dir='ltr'>Deo,</span> <span class='ocrx_word' id='word_1_195' title='bbox 471 2299 513 2360; x_wconf 88' lang='lat' dir='ltr'>ita</span> <span class='ocrx_word' id='word_1_196' title='bbox 526 2298 616 2359; x_wconf 88' lang='lat' dir='ltr'>etiam</span> <span class='ocrx_word' id='word_1_197' title='bbox 643 2319 741 2360; x_wconf 83' lang='lat' dir='ltr'>coram</span> <span class='ocrx_word' id='word_1_198' title='bbox 763 2296 919 2358; x_wconf 88' lang='lat' dir='ltr'>homnibus</span> <span class='ocrx_word' id='word_1_199' title='bbox 945 2291 1087 2354; x_wconf 83' lang='lat' dir='ltr'>videntur</span> 
     </span>
     <span class='ocr_line' id='line_1_28' title="bbox 131 2373 1088 2459; baseline -0.005 -22"><span class='ocrx_word' id='word_1_200' title='bbox 131 2379 266 2458; x_wconf 84' lang='lat' dir='ltr'>privandi</span> <span class='ocrx_word' id='word_1_201' title='bbox 280 2378 429 2459; x_wconf 81' lang='lat' dir='ltr'>praedictis</span> <span class='ocrx_word' id='word_1_202' title='bbox 440 2378 712 2448; x_wconf 76' lang='lat' dir='ltr'>distributionibus3</span> <span class='ocrx_word' id='word_1_203' title='bbox 731 2377 874 2459; x_wconf 90' lang='lat' dir='ltr'>quianon</span> <span class='ocrx_word' id='word_1_204' title='bbox 903 2373 1088 2434; x_wconf 70' lang='lat' dir='ltr'>restiterunt</span> 
     </span>
     <span class='ocr_line' id='line_1_29' title="bbox 133 2451 1116 2538; baseline -0.008 -19"><span class='ocrx_word' id='word_1_205' title='bbox 133 2477 206 2538; x_wconf 74' lang='lat' dir='ltr'>spus</span> <span class='ocrx_word' id='word_1_206' title='bbox 221 2459 317 2520; x_wconf 88' lang='lat' dir='ltr'>Officii</span> <span class='ocrx_word' id='word_1_207' title='bbox 327 2457 443 2529; x_wconf 80' lang='lat' dir='ltr'>¹Divini‚</span> <span class='ocrx_word' id='word_1_208' title='bbox 457 2459 496 2534; x_wconf 86' lang='lat' dir='ltr'>ad</span> <span class='ocrx_word' id='word_1_209' title='bbox 509 2458 589 2538; x_wconf 90' lang='lat' dir='ltr'>quod</span> <span class='ocrx_word' id='word_1_210' title='bbox 600 2457 740 2520; x_wconf 84' lang='lat' dir='ltr'>conducti</span> <span class='ocrx_word' id='word_1_211' title='bbox 760 2465 877 2518; x_wconf 70' lang='lat' dir='ltr'>erautz&#39;</span> <span class='ocrx_word' id='word_1_212' title='bbox 941 2451 1022 2512; x_wconf 89' lang='lat' dir='ltr'>aliud</span> <span class='ocrx_word' id='word_1_213' title='bbox 1038 2453 1088 2513; x_wconf 88' lang='lat' dir='ltr'>dic</span> <span class='ocrx_word' id='word_1_214' title='bbox 1114 2456 1116 2462; x_wconf 87' lang='lat'>&#39;</span> 
     </span>
     <span class='ocr_line' id='line_1_30' title="bbox 133 2531 1087 2618; baseline -0.006 -20"><span class='ocrx_word' id='word_1_215' title='bbox 133 2538 171 2598; x_wconf 85' lang='lat' dir='ltr'>de</span> <span class='ocrx_word' id='word_1_216' title='bbox 186 2537 231 2608; x_wconf 79' lang='lat' dir='ltr'>iis,</span> <span class='ocrx_word' id='word_1_217' title='bbox 246 2539 295 2618; x_wconf 88' lang='lat' dir='ltr'>qui</span> <span class='ocrx_word' id='word_1_218' title='bbox 309 2538 427 2618; x_wconf 85' lang='lat' dir='ltr'>pulsant</span> <span class='ocrx_word' id='word_1_219' title='bbox 439 2557 556 2618; x_wconf 80' lang='lat' dir='ltr'>organa,</span> <span class='ocrx_word' id='word_1_220' title='bbox 570 2539 618 2598; x_wconf 77' lang='lat' dir='ltr'>vel</span> <span class='ocrx_word' id='word_1_221' title='bbox 632 2535 833 2598; x_wconf 78' lang='lat' dir='ltr'>instrumentis</span> <span class='ocrx_word' id='word_1_222' title='bbox 856 2531 977 2594; x_wconf 89' lang='lat' dir='ltr'>musicis</span> <span class='ocrx_word' id='word_1_223' title='bbox 994 2541 1087 2592; x_wconf 85' lang='lat' dir='ltr'>utun·</span> 
     </span>
     <span class='ocr_line' id='line_1_31' title="bbox 131 2611 1089 2702; baseline -0.01 -24"><span class='ocrx_word' id='word_1_224' title='bbox 131 2629 190 2688; x_wconf 74' lang='lat' dir='ltr'>tarr,</span> <span class='ocrx_word' id='word_1_225' title='bbox 205 2618 274 2702; x_wconf 87' lang='lat' dir='ltr'>quia</span> <span class='ocrx_word' id='word_1_226' title='bbox 300 2617 350 2678; x_wconf 84' lang='lat' dir='ltr'>isti</span> <span class='ocrx_word' id='word_1_227' title='bbox 377 2637 493 2697; x_wconf 87' lang='lat' dir='ltr'>semper</span> <span class='ocrx_word' id='word_1_228' title='bbox 520 2629 661 2697; x_wconf 82' lang='lat' dir='ltr'>praestant</span> <span class='ocrx_word' id='word_1_229' title='bbox 681 2637 763 2697; x_wconf 89' lang='lat' dir='ltr'>opus,</span> <span class='ocrx_word' id='word_1_230' title='bbox 784 2613 823 2676; x_wconf 90' lang='lat' dir='ltr'>ad</span> <span class='ocrx_word' id='word_1_231' title='bbox 844 2611 922 2694; x_wconf 90' lang='lat' dir='ltr'>quod</span> <span class='ocrx_word' id='word_1_232' title='bbox 942 2611 1089 2672; x_wconf 86' lang='lat' dir='ltr'>conducti</span> 
     </span>
     <span class='ocr_line' id='line_1_32' title="bbox 131 2690 1089 2778; baseline -0.006 -22"><span class='ocrx_word' id='word_1_233' title='bbox 131 2701 210 2768; x_wconf 85' lang='lat' dir='ltr'>sunt,</span> <span class='ocrx_word' id='word_1_234' title='bbox 225 2697 294 2759; x_wconf 77' lang='lat' dir='ltr'>edm</span> <span class='ocrx_word' id='word_1_235' title='bbox 309 2717 397 2758; x_wconf 88' lang='lat' dir='ltr'>sonus</span> <span class='ocrx_word' id='word_1_236' title='bbox 411 2699 585 2776; x_wconf 81' lang='lat' dir='ltr'>organorum</span> <span class='ocrx_word' id='word_1_237' title='bbox 598 2717 657 2758; x_wconf 91' lang='lat' dir='ltr'>non</span> <span class='ocrx_word' id='word_1_238' title='bbox 668 2697 707 2758; x_wconf 89' lang='lat' dir='ltr'>sit</span> <span class='ocrx_word' id='word_1_239' title='bbox 720 2716 786 2778; x_wconf 88' lang='lat' dir='ltr'>pars</span> <span class='ocrx_word' id='word_1_240' title='bbox 796 2692 893 2753; x_wconf 86' lang='lat' dir='ltr'>Officii</span> <span class='ocrx_word' id='word_1_241' title='bbox 907 2690 1010 2750; x_wconf 90' lang='lat' dir='ltr'>Divini</span> <span class='ocrx_word' id='word_1_242' title='bbox 1023 2690 1089 2750; x_wconf 86' lang='lat' dir='ltr'>sivc</span> 
     </span>
     <span class='ocr_line' id='line_1_33' title="bbox 133 2769 1089 2856; baseline -0.012 -18"><span class='ocrx_word' id='word_1_243' title='bbox 133 2775 281 2839; x_wconf 79' lang='lat' dir='ltr'>Horarum</span> <span class='ocrx_word' id='word_1_244' title='bbox 297 2775 519 2850; x_wconf 75' lang='lat' dir='ltr'>canonicarum,</span> <span class='ocrx_word' id='word_1_245' title='bbox 533 2776 666 2856; x_wconf 85' lang='lat' dir='ltr'>adeoque</span> <span class='ocrx_word' id='word_1_246' title='bbox 694 2797 752 2837; x_wconf 91' lang='lat' dir='ltr'>non</span> <span class='ocrx_word' id='word_1_247' title='bbox 774 2773 868 2852; x_wconf 84' lang='lat' dir='ltr'>exigit</span> <span class='ocrx_word' id='word_1_248' title='bbox 888 2769 1089 2834; x_wconf 89' lang='lat' dir='ltr'>attentionem</span> 
     </span>
     <span class='ocr_line' id='line_1_34' title="bbox 132 2856 447 2918; baseline -0.003 -2"><span class='ocrx_word' id='word_1_249' title='bbox 132 2856 282 2918; x_wconf 60' lang='lat' dir='ltr'>nationis.</span> <span class='ocrx_word' id='word_1_250' title='bbox 443 2868 447 2876; x_wconf 85' lang='lat'><em>&#39;</em></span> 
     </span>
    </p>

    <p class='ocr_par' dir='ltr' id='par_1_6' title="bbox 132 2929 1091 3078">
     <span class='ocr_line' id='line_1_35' title="bbox 174 2929 1091 3014; baseline -0.008 -17"><span class='ocrx_word' id='word_1_251' title='bbox 174 2937 231 2998; x_wconf 91' lang='lat' dir='ltr'>Cui</span> <span class='ocrx_word' id='word_1_252' title='bbox 245 2935 355 2998; x_wconf 82' lang='lat' dir='ltr'>cedunt</span> <span class='ocrx_word' id='word_1_253' title='bbox 379 2934 602 3014; x_wconf 77' lang='lat' dir='ltr'>distributIones</span> <span class='ocrx_word' id='word_1_254' title='bbox 626 2936 790 2998; x_wconf 88' lang='lat' dir='ltr'>absentium</span> <span class='ocrx_word' id='word_1_255' title='bbox 817 2932 865 2998; x_wconf 81' lang='lat' dir='ltr'>vel</span> <span class='ocrx_word' id='word_1_256' title='bbox 893 2930 942 2994; x_wconf 91' lang='lat' dir='ltr'>cui</span> <span class='ocrx_word' id='word_1_257' title='bbox 962 2929 1091 2990; x_wconf 88' lang='lat' dir='ltr'>restitu-</span> 
     </span>
     <span class='ocr_line' id='line_1_36' title="bbox 132 3017 241 3078; baseline 0.018 -2"><span class='ocrx_word' id='word_1_258' title='bbox 132 3017 241 3078; x_wconf 73' lang='lat' dir='ltr'>enda?</span> 
     </span>
    </p>

    <p class='ocr_par' dir='ltr' id='par_1_7' title="bbox 175 3093 644 3184">
     <span class='ocr_line' id='line_1_37' title="bbox 175 3093 644 3184; baseline -0.015 -22"><span class='ocrx_word' id='word_1_259' title='bbox 175 3096 382 3184; x_wconf 85' lang='lat' dir='ltr'>Respondetur</span> <span class='ocrx_word' id='word_1_260' title='bbox 396 3093 471 3158; x_wconf 82' lang='lat' dir='ltr'>infra</span> <span class='ocrx_word' id='word_1_261' title='bbox 484 3113 563 3158; x_wconf 89' lang='lat' dir='ltr'>num.</span> <span class='ocrx_word' id='word_1_262' title='bbox 577 3096 644 3156; x_wconf 74' lang='lat'>231.</span> 
     </span>
    </p>
   </div>
   <div class='ocr_carea' id='block_1_3' title="bbox 0 0 1127 4084">
    <p class='ocr_par' dir='ltr' id='par_1_8' title="bbox 0 0 1127 4084">
     <span class='ocr_line' id='line_1_38' title="bbox 0 0 1127 4084; baseline 0 0"><span class='ocrx_word' id='word_1_263' title='bbox 0 0 1127 4084; x_wconf 95' lang='lat' dir='ltr'> </span> 
     </span>
    </p>
   </div>
  </div>
 </body>
</html>
