<?xml version="1.0" encoding="UTF-8"?>
<!DOCTYPE html PUBLIC "-//W3C//DTD XHTML 1.0 Transitional//EN"
    "http://www.w3.org/TR/xhtml1/DTD/xhtml1-transitional.dtd">
<html xmlns="http://www.w3.org/1999/xhtml" xml:lang="en" lang="en">
 <head>
  <title>
</title>
<meta http-equiv="Content-Type" content="text/html;charset=utf-8" />
  <meta name='ocr-system' content='tesseract 3.04.00' />
  <meta name='ocr-capabilities' content='ocr_page ocr_carea ocr_par ocr_line ocrx_word'/>
</head>
<body>
  <div class='ocr_page' id='page_1' title='image "./theologiamorali04densgoog_0406.png"; bbox 0 0 2254 4072; ppageno 0'>
   <div class='ocr_carea' id='block_1_1' title="bbox 384 157 981 218">
    <p class='ocr_par' dir='ltr' id='par_1_1' title="bbox 384 157 981 218">
     <span class='ocr_line' id='line_1_1' title="bbox 384 157 981 218; baseline 0.007 -4"><span class='ocrx_word' id='word_1_1' title='bbox 384 167 626 216; x_wconf 75' lang='lat' dir='ltr'>nnonnrtonn.</span> <span class='ocrx_word' id='word_1_2' title='bbox 922 157 981 218; x_wconf 80' lang='lat'>399</span> 
     </span>
    </p>
   </div>
   <div class='ocr_carea' id='block_1_2' title="bbox 16 305 1075 1266">
    <p class='ocr_par' dir='ltr' id='par_1_2' title="bbox 16 305 1075 789">
     <span class='ocr_line' id='line_1_2' title="bbox 55 305 1075 394; baseline 0.002 -22"><span class='ocrx_word' id='word_1_3' title='bbox 55 309 204 394; x_wconf 87' lang='lat' dir='ltr'>Denique</span> <span class='ocrx_word' id='word_1_4' title='bbox 213 315 411 378; x_wconf 85' lang='lat' dir='ltr'>indubitatum</span> <span class='ocrx_word' id='word_1_5' title='bbox 422 326 478 384; x_wconf 85' lang='lat' dir='ltr'>est,</span> <span class='ocrx_word' id='word_1_6' title='bbox 488 315 569 394; x_wconf 84' lang='lat' dir='ltr'>qubd</span> <span class='ocrx_word' id='word_1_7' title='bbox 577 313 722 374; x_wconf 90' lang='lat' dir='ltr'>committi</span> <span class='ocrx_word' id='word_1_8' title='bbox 733 313 847 392; x_wconf 88' lang='lat' dir='ltr'>possint</span> <span class='ocrx_word' id='word_1_9' title='bbox 856 325 981 392; x_wconf 86' lang='lat' dir='ltr'>peecata</span> <span class='ocrx_word' id='word_1_10' title='bbox 1069 305 1075 314; x_wconf 81' lang='grc'><strong>’</strong></span> 
     </span>
     <span class='ocr_line' id='line_1_3' title="bbox 17 393 980 474; baseline 0.002 -24"><span class='ocrx_word' id='word_1_11' title='bbox 17 395 205 471; x_wconf 84' lang='lat' dir='ltr'>ignorantiae,</span> <span class='ocrx_word' id='word_1_12' title='bbox 220 395 393 464; x_wconf 89' lang='lat' dir='ltr'>omissionis,</span> <span class='ocrx_word' id='word_1_13' title='bbox 410 395 608 474; x_wconf 86' lang='lat' dir='ltr'>negligentiae,</span> <span class='ocrx_word' id='word_1_14' title='bbox 623 399 676 454; x_wconf 77' lang='lat' dir='ltr'>dre.</span> <span class='ocrx_word' id='word_1_15' title='bbox 691 393 779 452; x_wconf 85' lang='lat' dir='ltr'>etiam</span> <span class='ocrx_word' id='word_1_16' title='bbox 793 413 846 472; x_wconf 88' lang='lat' dir='ltr'>pro</span> <span class='ocrx_word' id='word_1_17' title='bbox 860 413 896 453; x_wconf 92' lang='lat' dir='ltr'>eo</span> <span class='ocrx_word' id='word_1_18' title='bbox 906 404 980 452; x_wconf 89' lang='lat' dir='ltr'>tem·</span> 
     </span>
     <span class='ocr_line' id='line_1_4' title="bbox 16 473 981 553; baseline 0.001 -22"><span class='ocrx_word' id='word_1_19' title='bbox 16 493 99 549; x_wconf 87' lang='lat' dir='ltr'>pore,</span> <span class='ocrx_word' id='word_1_20' title='bbox 128 495 190 553; x_wconf 91' lang='lat' dir='ltr'>quo</span> <span class='ocrx_word' id='word_1_21' title='bbox 203 486 343 553; x_wconf 84' lang='lat' dir='ltr'>peccator</span> <span class='ocrx_word' id='word_1_22' title='bbox 357 475 395 534; x_wconf 91' lang='lat' dir='ltr'>de</span> <span class='ocrx_word' id='word_1_23' title='bbox 420 475 463 533; x_wconf 91' lang='lat' dir='ltr'>eis</span> <span class='ocrx_word' id='word_1_24' title='bbox 478 474 599 552; x_wconf 83' lang='lat' dir='ltr'><strong>cogitat,</strong></span> <span class='ocrx_word' id='word_1_25' title='bbox 622 479 648 532; x_wconf 81' lang='lat' dir='ltr'>tr</span> <span class='ocrx_word' id='word_1_26' title='bbox 673 473 730 532; x_wconf 89' lang='lat' dir='ltr'>alia</span> <span class='ocrx_word' id='word_1_27' title='bbox 743 473 822 550; x_wconf 87' lang='lat' dir='ltr'>agit:</span> <span class='ocrx_word' id='word_1_28' title='bbox 846 473 981 532; x_wconf 77' lang='lat' dir='ltr'>similiter</span> 
     </span>
     <span class='ocr_line' id='line_1_5' title="bbox 17 553 980 630; baseline 0 -19"><span class='ocrx_word' id='word_1_29' title='bbox 17 565 181 630; x_wconf 87' lang='lat' dir='ltr'>peccatum</span> <span class='ocrx_word' id='word_1_30' title='bbox 196 555 255 614; x_wconf 94' lang='lat' dir='ltr'>odii</span> <span class='ocrx_word' id='word_1_31' title='bbox 269 555 378 614; x_wconf 92' lang='lat' dir='ltr'>interni</span> <span class='ocrx_word' id='word_1_32' title='bbox 393 555 502 613; x_wconf 88' lang='lat' dir='ltr'>dicitur</span> <span class='ocrx_word' id='word_1_33' title='bbox 516 553 687 613; x_wconf 85' lang='lat' dir='ltr'>continuum</span> <span class='ocrx_word' id='word_1_34' title='bbox 703 553 781 611; x_wconf 91' lang='lat' dir='ltr'>diem</span> <span class='ocrx_word' id='word_1_35' title='bbox 801 558 827 610; x_wconf 72' lang='lat' dir='ltr'>te</span> <span class='ocrx_word' id='word_1_36' title='bbox 841 553 980 630; x_wconf 84' lang='lat' dir='ltr'>septima-</span> 
     </span>
     <span class='ocr_line' id='line_1_6' title="bbox 16 633 981 711; baseline 0.002 -21"><span class='ocrx_word' id='word_1_37' title='bbox 16 651 95 702; x_wconf 85' lang='lat' dir='ltr'>nam,</span> <span class='ocrx_word' id='word_1_38' title='bbox 119 633 196 694; x_wconf 74' lang='lat' dir='ltr'>licet</span> <span class='ocrx_word' id='word_1_39' title='bbox 218 634 275 694; x_wconf 82' lang='lat' dir='ltr'>alia</span> <span class='ocrx_word' id='word_1_40' title='bbox 298 633 418 710; x_wconf 88' lang='lat' dir='ltr'>negotia</span> <span class='ocrx_word' id='word_1_41' title='bbox 432 633 546 692; x_wconf 84' lang='lat' dir='ltr'>interea</span> <span class='ocrx_word' id='word_1_42' title='bbox 560 642 748 711; x_wconf 82' lang='lat' dir='ltr'>peragantur,</span> <span class='ocrx_word' id='word_1_43' title='bbox 763 637 789 689; x_wconf 76' lang='lat' dir='ltr'>tr</span> <span class='ocrx_word' id='word_1_44' title='bbox 804 633 981 692; x_wconf 66' lang='lat' dir='ltr'>haecomnia</span> 
     </span>
     <span class='ocr_line' id='line_1_7' title="bbox 16 710 952 789; baseline -0.003 -18"><span class='ocrx_word' id='word_1_45' title='bbox 16 724 147 788; x_wconf 84' lang='lat' dir='ltr'>peccata</span> <span class='ocrx_word' id='word_1_46' title='bbox 162 714 351 775; x_wconf 87' lang='lat' dir='ltr'>continentur</span> <span class='ocrx_word' id='word_1_47' title='bbox 365 715 419 772; x_wconf 87' lang='lat' dir='ltr'>sub</span> <span class='ocrx_word' id='word_1_48' title='bbox 434 715 565 772; x_wconf 90' lang='lat' dir='ltr'>membro</span> <span class='ocrx_word' id='word_1_49' title='bbox 579 710 702 788; x_wconf 82' lang='lat' dir='ltr'>actualis</span> <span class='ocrx_word' id='word_1_50' title='bbox 716 712 842 789; x_wconf 87' lang='lat' dir='ltr'>peccati.</span> <span class='ocrx_word' id='word_1_51' title='bbox 949 763 952 780; x_wconf 77' lang='grc'>,</span> 
     </span>
    </p>

    <p class='ocr_par' dir='ltr' id='par_1_3' title="bbox 17 790 988 1266">
     <span class='ocr_line' id='line_1_8' title="bbox 51 790 988 861; baseline -0.001 -11"><span class='ocrx_word' id='word_1_52' title='bbox 51 792 112 850; x_wconf 62' lang='grc' dir='ltr'>4ΙΧ.</span> <span class='ocrx_word' id='word_1_53' title='bbox 137 793 198 857; x_wconf 83' lang='lat' dir='ltr'>Qui</span> <span class='ocrx_word' id='word_1_54' title='bbox 212 794 248 852; x_wconf 87' lang='lat' dir='ltr'>ab</span> <span class='ocrx_word' id='word_1_55' title='bbox 270 794 327 852; x_wconf 87' lang='lat' dir='ltr'>hac</span> <span class='ocrx_word' id='word_1_56' title='bbox 341 805 441 852; x_wconf 88' lang='lat' dir='ltr'>nostra</span> <span class='ocrx_word' id='word_1_57' title='bbox 453 792 633 852; x_wconf 81' lang='lat' dir='ltr'>resolutione</span> <span class='ocrx_word' id='word_1_58' title='bbox 652 790 794 850; x_wconf 85' lang='lat' dir='ltr'>recedere</span> <span class='ocrx_word' id='word_1_59' title='bbox 808 792 988 861; x_wconf 80' lang='lat' dir='ltr'>tentaverit,</span> 
     </span>
     <span class='ocr_line' id='line_1_9' title="bbox 17 870 981 950; baseline 0.003 -22"><span class='ocrx_word' id='word_1_60' title='bbox 17 870 182 931; x_wconf 83' lang='lat' dir='ltr'>admittere</span> <span class='ocrx_word' id='word_1_61' title='bbox 197 872 326 941; x_wconf 89' lang='lat' dir='ltr'>debebit,</span> <span class='ocrx_word' id='word_1_62' title='bbox 351 871 432 950; x_wconf 83' lang='lat' dir='ltr'>qubd</span> <span class='ocrx_word' id='word_1_63' title='bbox 444 871 492 930; x_wconf 77' lang='lat' dir='ltr'>fur</span> <span class='ocrx_word' id='word_1_64' title='bbox 506 871 610 930; x_wconf 89' lang='lat' dir='ltr'>eodem</span> <span class='ocrx_word' id='word_1_65' title='bbox 625 882 767 948; x_wconf 90' lang='lat' dir='ltr'>tempore,</span> <span class='ocrx_word' id='word_1_66' title='bbox 783 889 841 948; x_wconf 93' lang='lat' dir='ltr'>quo</span> <span class='ocrx_word' id='word_1_67' title='bbox 855 891 981 948; x_wconf 90' lang='lat' dir='ltr'>occupa·</span> 
     </span>
     <span class='ocr_line' id='line_1_10' title="bbox 20 950 980 1030; baseline 0.002 -22"><span class='ocrx_word' id='word_1_68' title='bbox 20 963 67 1008; x_wconf 90' lang='lat' dir='ltr'>tur</span> <span class='ocrx_word' id='word_1_69' title='bbox 81 950 114 1008; x_wconf 89' lang='lat' dir='ltr'>in</span> <span class='ocrx_word' id='word_1_70' title='bbox 128 971 221 1030; x_wconf 89' lang='lat' dir='ltr'>opere</span> <span class='ocrx_word' id='word_1_71' title='bbox 234 951 317 1026; x_wconf 82' lang='lat' dir='ltr'>furti,</span> <span class='ocrx_word' id='word_1_72' title='bbox 331 951 418 1010; x_wconf 88' lang='lat' dir='ltr'>simul</span> <span class='ocrx_word' id='word_1_73' title='bbox 436 951 529 1028; x_wconf 83' lang='lat' dir='ltr'><strong>possit</strong></span> <span class='ocrx_word' id='word_1_74' title='bbox 542 950 642 1010; x_wconf 74' lang='lat' dir='ltr'>debite</span> <span class='ocrx_word' id='word_1_75' title='bbox 656 955 682 1008; x_wconf 72' lang='grc' dir='ltr'>ἃ</span> <span class='ocrx_word' id='word_1_76' title='bbox 695 961 865 1009; x_wconf 84' lang='lat' dir='ltr'>reverenter</span> <span class='ocrx_word' id='word_1_77' title='bbox 877 951 980 1010; x_wconf 87' lang='lat' dir='ltr'>audire</span> 
     </span>
     <span class='ocr_line' id='line_1_11' title="bbox 19 1030 981 1109; baseline 0.001 -21"><span class='ocrx_word' id='word_1_78' title='bbox 19 1031 161 1089; x_wconf 82' lang='lat' dir='ltr'>Missam.</span> <span class='ocrx_word' id='word_1_79' title='bbox 201 1031 279 1090; x_wconf 85' lang='lat' dir='ltr'>Item</span> <span class='ocrx_word' id='word_1_80' title='bbox 304 1030 384 1109; x_wconf 79' lang='lat' dir='ltr'>qudd</span> <span class='ocrx_word' id='word_1_81' title='bbox 398 1030 607 1098; x_wconf 84' lang='lat' dir='ltr'>Beneficiatus,</span> <span class='ocrx_word' id='word_1_82' title='bbox 632 1030 736 1090; x_wconf 89' lang='lat' dir='ltr'>eodem</span> <span class='ocrx_word' id='word_1_83' title='bbox 755 1040 898 1108; x_wconf 86' lang='lat' dir='ltr'>tempore,</span> <span class='ocrx_word' id='word_1_84' title='bbox 922 1050 981 1108; x_wconf 92' lang='lat' dir='ltr'>quo</span> 
     </span>
     <span class='ocr_line' id='line_1_12' title="bbox 21 1109 981 1187; baseline -0.002 -17"><span class='ocrx_word' id='word_1_85' title='bbox 21 1129 88 1170; x_wconf 90' lang='lat' dir='ltr'>cum</span> <span class='ocrx_word' id='word_1_86' title='bbox 103 1110 273 1170; x_wconf 87' lang='lat' dir='ltr'>concubina</span> <span class='ocrx_word' id='word_1_87' title='bbox 285 1109 439 1169; x_wconf 75' lang='lat' dir='ltr'>libidinose</span> <span class='ocrx_word' id='word_1_88' title='bbox 461 1109 492 1168; x_wconf 88' lang='lat' dir='ltr'>in</span> <span class='ocrx_word' id='word_1_89' title='bbox 510 1111 589 1169; x_wconf 89' lang='lat' dir='ltr'>lecto</span> <span class='ocrx_word' id='word_1_90' title='bbox 603 1109 762 1178; x_wconf 82' lang='lat' dir='ltr'>decumbit,</span> <span class='ocrx_word' id='word_1_91' title='bbox 787 1110 880 1187; x_wconf 87' lang='lat' dir='ltr'>possit</span> <span class='ocrx_word' id='word_1_92' title='bbox 894 1109 981 1168; x_wconf 88' lang='lat' dir='ltr'>simul</span> 
     </span>
     <span class='ocr_line' id='line_1_13' title="bbox 21 1188 981 1266; baseline 0 -18"><span class='ocrx_word' id='word_1_93' title='bbox 21 1191 130 1248; x_wconf 75' lang='lat' dir='ltr'>devote</span> <span class='ocrx_word' id='word_1_94' title='bbox 146 1190 276 1250; x_wconf 87' lang='lat' dir='ltr'>recitare</span> <span class='ocrx_word' id='word_1_95' title='bbox 289 1191 376 1249; x_wconf 86' lang='lat' dir='ltr'>horas</span> <span class='ocrx_word' id='word_1_96' title='bbox 390 1189 553 1256; x_wconf 87' lang='lat' dir='ltr'>canonicas,</span> <span class='ocrx_word' id='word_1_97' title='bbox 570 1189 588 1246; x_wconf 72' lang='lat' dir='ltr'>d</span> <span class='ocrx_word' id='word_1_98' title='bbox 601 1189 680 1266; x_wconf 88' lang='lat' dir='ltr'>quali</span> <span class='ocrx_word' id='word_1_99' title='bbox 694 1188 828 1248; x_wconf 89' lang='lat' dir='ltr'>doctrina</span> <span class='ocrx_word' id='word_1_100' title='bbox 841 1190 981 1248; x_wconf 89' lang='lat' dir='ltr'>abhorret</span> 
     </span>
    </p>
   </div>
   <div class='ocr_carea' id='block_1_3' title="bbox 21 1265 1086 1348">
    <p class='ocr_par' dir='ltr' id='par_1_4' title="bbox 21 1265 1086 1348">
     <span class='ocr_line' id='line_1_14' title="bbox 21 1265 1086 1348; baseline 0 -21"><span class='ocrx_word' id='word_1_101' title='bbox 21 1280 159 1328; x_wconf 89' lang='lat' dir='ltr'>sensatus</span> <span class='ocrx_word' id='word_1_102' title='bbox 173 1270 269 1328; x_wconf 83' lang='lat' dir='ltr'>homo.</span> <span class='ocrx_word' id='word_1_103' title='bbox 309 1269 468 1348; x_wconf 76' lang='lat' dir='ltr'>Nunquam</span> <span class='ocrx_word' id='word_1_104' title='bbox 483 1268 576 1328; x_wconf 88' lang='lat' dir='ltr'>solida</span> <span class='ocrx_word' id='word_1_105' title='bbox 596 1268 713 1327; x_wconf 88' lang='lat' dir='ltr'>dabitur</span> <span class='ocrx_word' id='word_1_106' title='bbox 726 1265 889 1346; x_wconf 81' lang='lat' dir='ltr'>disparitas,</span> <span class='ocrx_word' id='word_1_107' title='bbox 912 1289 980 1328; x_wconf 88' lang='lat' dir='ltr'>nam</span> <span class='ocrx_word' id='word_1_108' title='bbox 1083 1271 1086 1276; x_wconf 87' lang='grc'><strong>’</strong></span> 
     </span>
    </p>
   </div>
   <div class='ocr_carea' id='block_1_4' title="bbox 23 1347 980 1914">
    <p class='ocr_par' dir='ltr' id='par_1_5' title="bbox 23 1347 980 1824">
     <span class='ocr_line' id='line_1_15' title="bbox 23 1347 979 1428; baseline 0.001 -22"><span class='ocrx_word' id='word_1_109' title='bbox 23 1348 143 1425; x_wconf 89' lang='lat' dir='ltr'>utrique</span> <span class='ocrx_word' id='word_1_110' title='bbox 160 1361 274 1426; x_wconf 91' lang='lat' dir='ltr'>ponunt</span> <span class='ocrx_word' id='word_1_111' title='bbox 287 1349 401 1409; x_wconf 90' lang='lat' dir='ltr'>obicem</span> <span class='ocrx_word' id='word_1_112' title='bbox 415 1348 573 1428; x_wconf 75' lang='lat' dir='ltr'>positivum</span> <span class='ocrx_word' id='word_1_113' title='bbox 587 1347 690 1425; x_wconf 75' lang='lat' dir='ltr'>gratiae</span> <span class='ocrx_word' id='word_1_114' title='bbox 703 1349 877 1407; x_wconf 72' lang='lat' dir='ltr'>necessariae</span> <span class='ocrx_word' id='word_1_115' title='bbox 902 1352 979 1426; x_wconf 89' lang='lat' dir='ltr'>ejus-</span> 
     </span>
     <span class='ocr_line' id='line_1_16' title="bbox 23 1425 979 1506; baseline 0 -21"><span class='ocrx_word' id='word_1_116' title='bbox 23 1447 77 1504; x_wconf 89' lang='lat' dir='ltr'>que</span> <span class='ocrx_word' id='word_1_117' title='bbox 92 1429 183 1486; x_wconf 83' lang='lat' dir='ltr'>usui:</span> <span class='ocrx_word' id='word_1_118' title='bbox 203 1429 273 1488; x_wconf 87' lang='lat' dir='ltr'>hinc</span> <span class='ocrx_word' id='word_1_119' title='bbox 287 1428 462 1488; x_wconf 88' lang='lat' dir='ltr'>convellitur</span> <span class='ocrx_word' id='word_1_120' title='bbox 476 1425 617 1506; x_wconf 83' lang='lat' dir='ltr'>effugium</span> <span class='ocrx_word' id='word_1_121' title='bbox 630 1427 793 1505; x_wconf 87' lang='lat' dir='ltr'>aliquorum</span> <span class='ocrx_word' id='word_1_122' title='bbox 807 1427 979 1498; x_wconf 85' lang='lat' dir='ltr'>dicentium,</span> 
     </span>
     <span class='ocr_line' id='line_1_17' title="bbox 24 1507 980 1586; baseline -0.001 -20"><span class='ocrx_word' id='word_1_123' title='bbox 24 1507 102 1585; x_wconf 85' lang='lat' dir='ltr'>qudd</span> <span class='ocrx_word' id='word_1_124' title='bbox 114 1507 243 1576; x_wconf 83' lang='lat' dir='ltr'>affectus</span> <span class='ocrx_word' id='word_1_125' title='bbox 257 1507 373 1586; x_wconf 84' lang='lat' dir='ltr'>peccati</span> <span class='ocrx_word' id='word_1_126' title='bbox 386 1526 444 1566; x_wconf 90' lang='lat' dir='ltr'>non</span> <span class='ocrx_word' id='word_1_127' title='bbox 459 1507 601 1586; x_wconf 86' lang='lat' dir='ltr'>impediat</span> <span class='ocrx_word' id='word_1_128' title='bbox 614 1517 712 1566; x_wconf 85' lang='lat' dir='ltr'>actum</span> <span class='ocrx_word' id='word_1_129' title='bbox 724 1507 864 1584; x_wconf 84' lang='lat' dir='ltr'>praecepti</span> <span class='ocrx_word' id='word_1_130' title='bbox 878 1527 980 1586; x_wconf 89' lang='lat' dir='ltr'>super-</span> 
     </span>
     <span class='ocr_line' id='line_1_18' title="bbox 24 1585 979 1665; baseline 0.001 -20"><span class='ocrx_word' id='word_1_131' title='bbox 24 1587 207 1655; x_wconf 75' lang='lat' dir='ltr'>naturalem3</span> <span class='ocrx_word' id='word_1_132' title='bbox 223 1587 339 1665; x_wconf 88' lang='lat' dir='ltr'>quando</span> <span class='ocrx_word' id='word_1_133' title='bbox 354 1586 480 1646; x_wconf 82' lang='lat' dir='ltr'>affectus</span> <span class='ocrx_word' id='word_1_134' title='bbox 493 1587 549 1645; x_wconf 85' lang='lat' dir='ltr'>iste</span> <span class='ocrx_word' id='word_1_135' title='bbox 563 1585 653 1644; x_wconf 88' lang='lat' dir='ltr'>estin</span> <span class='ocrx_word' id='word_1_136' title='bbox 668 1586 724 1644; x_wconf 81' lang='lat' dir='ltr'>elia</span> <span class='ocrx_word' id='word_1_137' title='bbox 739 1586 839 1662; x_wconf 86' lang='lat' dir='ltr'>specie</span> <span class='ocrx_word' id='word_1_138' title='bbox 850 1587 979 1664; x_wconf 85' lang='lat' dir='ltr'>peccati:</span> 
     </span>
     <span class='ocr_line' id='line_1_19' title="bbox 25 1665 979 1744; baseline 0.002 -20"><span class='ocrx_word' id='word_1_139' title='bbox 25 1686 88 1725; x_wconf 87' lang='lat' dir='ltr'>nam</span> <span class='ocrx_word' id='word_1_140' title='bbox 103 1667 246 1744; x_wconf 85' lang='lat' dir='ltr'>exempla</span> <span class='ocrx_word' id='word_1_141' title='bbox 259 1665 410 1744; x_wconf 86' lang='lat' dir='ltr'>superiora</span> <span class='ocrx_word' id='word_1_142' title='bbox 423 1677 493 1724; x_wconf 91' lang='lat' dir='ltr'>sunt</span> <span class='ocrx_word' id='word_1_143' title='bbox 507 1665 544 1724; x_wconf 89' lang='lat' dir='ltr'>de</span> <span class='ocrx_word' id='word_1_144' title='bbox 559 1665 668 1724; x_wconf 87' lang='lat' dir='ltr'>affectu</span> <span class='ocrx_word' id='word_1_145' title='bbox 682 1665 711 1722; x_wconf 90' lang='lat' dir='ltr'>in</span> <span class='ocrx_word' id='word_1_146' title='bbox 725 1665 782 1723; x_wconf 86' lang='lat' dir='ltr'>alia</span> <span class='ocrx_word' id='word_1_147' title='bbox 795 1667 895 1743; x_wconf 85' lang='lat' dir='ltr'>specie</span> <span class='ocrx_word' id='word_1_148' title='bbox 909 1687 979 1744; x_wconf 89' lang='lat' dir='ltr'>pec-</span> 
     </span>
     <span class='ocr_line' id='line_1_20' title="bbox 26 1744 925 1824; baseline -0.004 -18"><span class='ocrx_word' id='word_1_149' title='bbox 26 1746 88 1813; x_wconf 87' lang='lat' dir='ltr'>cati,</span> <span class='ocrx_word' id='word_1_150' title='bbox 99 1747 148 1804; x_wconf 82' lang='lat' dir='ltr'>uti</span> <span class='ocrx_word' id='word_1_151' title='bbox 162 1751 188 1803; x_wconf 75' lang='lat' dir='ltr'>dr</span> <span class='ocrx_word' id='word_1_152' title='bbox 203 1746 369 1824; x_wconf 88' lang='lat' dir='ltr'>exemplum</span> <span class='ocrx_word' id='word_1_153' title='bbox 387 1745 416 1804; x_wconf 91' lang='lat' dir='ltr'>S.</span> <span class='ocrx_word' id='word_1_154' title='bbox 432 1745 592 1823; x_wconf 85' lang='lat' dir='ltr'>Scripturae</span> <span class='ocrx_word' id='word_1_155' title='bbox 607 1744 741 1822; x_wconf 78' lang='lat' dir='ltr'>superius</span> <span class='ocrx_word' id='word_1_156' title='bbox 755 1744 925 1804; x_wconf 91' lang='lat' dir='ltr'>adductum.</span> 
     </span>
    </p>

    <p class='ocr_par' dir='ltr' id='par_1_6' title="bbox 61 1823 978 1914">
     <span class='ocr_line' id='line_1_21' title="bbox 61 1823 978 1914; baseline 0.002 -32"><span class='ocrx_word' id='word_1_157' title='bbox 61 1825 97 1882; x_wconf 79' lang='lat' dir='ltr'>X,</span> <span class='ocrx_word' id='word_1_158' title='bbox 126 1825 285 1914; x_wconf 73' lang='lat' dir='ltr'>Objiqitur.</span> <span class='ocrx_word' id='word_1_159' title='bbox 326 1825 552 1902; x_wconf 81' lang='lat' dir='ltr'>lstepraefatus</span> <span class='ocrx_word' id='word_1_160' title='bbox 575 1835 715 1902; x_wconf 87' lang='lat' dir='ltr'>peccator</span> <span class='ocrx_word' id='word_1_161' title='bbox 738 1823 800 1882; x_wconf 87' lang='lat' dir='ltr'>sive</span> <span class='ocrx_word' id='word_1_162' title='bbox 823 1825 978 1894; x_wconf 87' lang='lat' dir='ltr'>homicida,</span> 
     </span>
    </p>
   </div>
   <div class='ocr_carea' id='block_1_5' title="bbox 27 1903 1076 1982">
    <p class='ocr_par' dir='ltr' id='par_1_7' title="bbox 27 1903 1076 1982">
     <span class='ocr_line' id='line_1_22' title="bbox 27 1903 1076 1982; baseline -0.004 -18"><span class='ocrx_word' id='word_1_163' title='bbox 27 1915 149 1982; x_wconf 87' lang='lat' dir='ltr'>urgente</span> <span class='ocrx_word' id='word_1_164' title='bbox 164 1916 314 1982; x_wconf 86' lang='lat' dir='ltr'>praecepto</span> <span class='ocrx_word' id='word_1_165' title='bbox 327 1903 542 1982; x_wconf 87' lang='lat' dir='ltr'>supernaturali</span> <span class='ocrx_word' id='word_1_166' title='bbox 553 1903 700 1972; x_wconf 85' lang='lat' dir='ltr'>orationis,</span> <span class='ocrx_word' id='word_1_167' title='bbox 716 1903 841 1981; x_wconf 87' lang='lat' dir='ltr'>recipiet</span> <span class='ocrx_word' id='word_1_168' title='bbox 853 1905 980 1982; x_wconf 83' lang='lat' dir='ltr'>gratiam</span> <span class='ocrx_word' id='word_1_169' title='bbox 1071 1947 1076 1960; x_wconf 86' lang='grc'><em>,</em></span> 
     </span>
    </p>
   </div>
   <div class='ocr_carea' id='block_1_6' title="bbox 28 1983 980 3788">
    <p class='ocr_par' dir='ltr' id='par_1_8' title="bbox 28 1983 980 2123">
     <span class='ocr_line' id='line_1_23' title="bbox 28 1983 980 2062; baseline 0.001 -19"><span class='ocrx_word' id='word_1_170' title='bbox 28 1985 61 2044; x_wconf 86' lang='lat' dir='ltr'>ad</span> <span class='ocrx_word' id='word_1_171' title='bbox 71 1984 225 2052; x_wconf 88' lang='lat' dir='ltr'>orandum,</span> <span class='ocrx_word' id='word_1_172' title='bbox 233 1984 317 2062; x_wconf 86' lang='lat' dir='ltr'>atqui</span> <span class='ocrx_word' id='word_1_173' title='bbox 327 1983 438 2062; x_wconf 82' lang='lat' dir='ltr'>poterit</span> <span class='ocrx_word' id='word_1_174' title='bbox 447 1983 492 2044; x_wconf 90' lang='lat' dir='ltr'>uti</span> <span class='ocrx_word' id='word_1_175' title='bbox 500 1983 550 2041; x_wconf 74' lang='lat' dir='ltr'>ille</span> <span class='ocrx_word' id='word_1_176' title='bbox 560 1983 663 2060; x_wconf 68' lang='lat' dir='ltr'>gratia,</span> <span class='ocrx_word' id='word_1_177' title='bbox 679 1999 749 2060; x_wconf 89' lang='lat' dir='ltr'>ergo</span> <span class='ocrx_word' id='word_1_178' title='bbox 759 1983 869 2061; x_wconf 87' lang='lat' dir='ltr'>poterit</span> <span class='ocrx_word' id='word_1_179' title='bbox 879 1985 980 2044; x_wconf 80' lang='lat' dir='ltr'>debite</span> 
     </span>
     <span class='ocr_line' id='line_1_24' title="bbox 30 2063 280 2123; baseline -0.012 0"><span class='ocrx_word' id='word_1_180' title='bbox 30 2064 127 2123; x_wconf 88' lang='lat' dir='ltr'>audire</span> <span class='ocrx_word' id='word_1_181' title='bbox 144 2063 280 2122; x_wconf 84' lang='lat' dir='ltr'>Missam.</span> 
     </span>
    </p>

    <p class='ocr_par' dir='ltr' id='par_1_9' title="bbox 29 2141 980 2300">
     <span class='ocr_line' id='line_1_25' title="bbox 64 2141 979 2220; baseline 0.002 -18"><span class='ocrx_word' id='word_1_182' title='bbox 64 2143 100 2202; x_wconf 89' lang='lat' dir='ltr'>R.</span> <span class='ocrx_word' id='word_1_183' title='bbox 114 2141 184 2202; x_wconf 89' lang='lat' dir='ltr'>Jam</span> <span class='ocrx_word' id='word_1_184' title='bbox 196 2143 374 2211; x_wconf 90' lang='lat' dir='ltr'>dictumest,</span> <span class='ocrx_word' id='word_1_185' title='bbox 390 2141 470 2220; x_wconf 82' lang='lat' dir='ltr'>qudd</span> <span class='ocrx_word' id='word_1_186' title='bbox 483 2154 574 2220; x_wconf 87' lang='lat' dir='ltr'>ponat</span> <span class='ocrx_word' id='word_1_187' title='bbox 584 2142 698 2202; x_wconf 88' lang='lat' dir='ltr'>obicem</span> <span class='ocrx_word' id='word_1_188' title='bbox 707 2142 865 2219; x_wconf 86' lang='lat' dir='ltr'>positivum</span> <span class='ocrx_word' id='word_1_189' title='bbox 876 2145 979 2220; x_wconf 84' lang='lat' dir='ltr'>gratiae</span> 
     </span>
     <span class='ocr_line' id='line_1_26' title="bbox 29 2219 980 2300; baseline 0.002 -20"><span class='ocrx_word' id='word_1_190' title='bbox 29 2222 149 2281; x_wconf 78' lang='lat' dir='ltr'>interius</span> <span class='ocrx_word' id='word_1_191' title='bbox 158 2219 346 2299; x_wconf 78' lang='lat' dir='ltr'>recipiendae,</span> <span class='ocrx_word' id='word_1_192' title='bbox 357 2222 488 2300; x_wconf 86' lang='lat' dir='ltr'>quamvis</span> <span class='ocrx_word' id='word_1_193' title='bbox 496 2223 579 2281; x_wconf 89' lang='lat' dir='ltr'>Deus</span> <span class='ocrx_word' id='word_1_194' title='bbox 587 2233 707 2300; x_wconf 83' lang='lat' dir='ltr'>paratus</span> <span class='ocrx_word' id='word_1_195' title='bbox 716 2221 755 2280; x_wconf 90' lang='lat' dir='ltr'>sit</span> <span class='ocrx_word' id='word_1_196' title='bbox 765 2222 835 2280; x_wconf 87' lang='lat' dir='ltr'>dare</span> <span class='ocrx_word' id='word_1_197' title='bbox 846 2224 980 2300; x_wconf 84' lang='lat' dir='ltr'>gratiam.</span> 
     </span>
    </p>

    <p class='ocr_par' dir='ltr' id='par_1_10' title="bbox 30 2301 980 3731">
     <span class='ocr_line' id='line_1_27' title="bbox 64 2301 979 2380; baseline 0.002 -20"><span class='ocrx_word' id='word_1_198' title='bbox 64 2301 101 2360; x_wconf 86' lang='lat' dir='ltr'>R.</span> <span class='ocrx_word' id='word_1_199' title='bbox 121 2304 168 2360; x_wconf 79' lang='lat'>20.</span> <span class='ocrx_word' id='word_1_200' title='bbox 193 2301 338 2362; x_wconf 88' lang='lat' dir='ltr'>Transeat</span> <span class='ocrx_word' id='word_1_201' title='bbox 360 2313 562 2380; x_wconf 84' lang='lat' dir='ltr'>assumptum:</span> <span class='ocrx_word' id='word_1_202' title='bbox 586 2301 734 2378; x_wconf 85' lang='lat' dir='ltr'>distinguo</span> <span class='ocrx_word' id='word_1_203' title='bbox 756 2303 979 2379; x_wconf 78' lang='lat' dir='ltr'>subsumptumr</span> 
     </span>
     <span class='ocr_line' id='line_1_28' title="bbox 30 2377 980 2460; baseline 0.002 -20"><span class='ocrx_word' id='word_1_204' title='bbox 30 2381 105 2459; x_wconf 89' lang='lat' dir='ltr'>atqui</span> <span class='ocrx_word' id='word_1_205' title='bbox 119 2381 231 2460; x_wconf 87' lang='lat' dir='ltr'>poterit</span> <span class='ocrx_word' id='word_1_206' title='bbox 244 2381 287 2441; x_wconf 88' lang='lat' dir='ltr'>uti</span> <span class='ocrx_word' id='word_1_207' title='bbox 301 2380 352 2438; x_wconf 77' lang='lat' dir='ltr'>illa</span> <span class='ocrx_word' id='word_1_208' title='bbox 365 2381 461 2458; x_wconf 71' lang='lat' dir='ltr'>gratie</span> <span class='ocrx_word' id='word_1_209' title='bbox 474 2381 649 2460; x_wconf 91' lang='lat' dir='ltr'>deponendo</span> <span class='ocrx_word' id='word_1_210' title='bbox 662 2380 800 2439; x_wconf 81' lang='lat' dir='ltr'>affectum</span> <span class='ocrx_word' id='word_1_211' title='bbox 815 2377 896 2438; x_wconf 89' lang='lat' dir='ltr'>illum</span> <span class='ocrx_word' id='word_1_212' title='bbox 911 2403 980 2460; x_wconf 89' lang='lat' dir='ltr'>pec·</span> 
     </span>
     <span class='ocr_line' id='line_1_29' title="bbox 31 2459 978 2552; baseline 0 -32"><span class='ocrx_word' id='word_1_213' title='bbox 31 2461 92 2529; x_wconf 83' lang='lat' dir='ltr'>cati,</span> <span class='ocrx_word' id='word_1_214' title='bbox 107 2461 237 2520; x_wconf 75' lang='lat' dir='ltr'>conredo</span> <span class='ocrx_word' id='word_1_215' title='bbox 252 2463 466 2552; x_wconf 86' lang='lat' dir='ltr'>subsumptum.</span> <span class='ocrx_word' id='word_1_216' title='bbox 506 2460 601 2539; x_wconf 89' lang='lat' dir='ltr'>Atqui</span> <span class='ocrx_word' id='word_1_217' title='bbox 626 2459 736 2538; x_wconf 89' lang='lat' dir='ltr'>poterit</span> <span class='ocrx_word' id='word_1_218' title='bbox 755 2459 798 2517; x_wconf 93' lang='lat' dir='ltr'>uti</span> <span class='ocrx_word' id='word_1_219' title='bbox 812 2459 862 2518; x_wconf 74' lang='lat' dir='ltr'>illo</span> <span class='ocrx_word' id='word_1_220' title='bbox 874 2462 978 2538; x_wconf 68' lang='lat' dir='ltr'>gratie,</span> 
     </span>
     <span class='ocr_line' id='line_1_30' title="bbox 32 2539 979 2618; baseline 0.005 -21"><span class='ocrx_word' id='word_1_221' title='bbox 32 2540 159 2600; x_wconf 81' lang='lat' dir='ltr'>insensu</span> <span class='ocrx_word' id='word_1_222' title='bbox 172 2539 343 2618; x_wconf 89' lang='lat' dir='ltr'>composito,</span> <span class='ocrx_word' id='word_1_223' title='bbox 359 2559 420 2598; x_wconf 87' lang='lat' dir='ltr'>srve</span> <span class='ocrx_word' id='word_1_224' title='bbox 435 2539 466 2596; x_wconf 89' lang='lat' dir='ltr'>in</span> <span class='ocrx_word' id='word_1_225' title='bbox 480 2551 551 2598; x_wconf 89' lang='lat' dir='ltr'>actu</span> <span class='ocrx_word' id='word_1_226' title='bbox 564 2539 695 2598; x_wconf 87' lang='lat' dir='ltr'>secundo</span> <span class='ocrx_word' id='word_1_227' title='bbox 716 2539 802 2597; x_wconf 87' lang='lat' dir='ltr'>simul</span> <span class='ocrx_word' id='word_1_228' title='bbox 816 2541 979 2616; x_wconf 83' lang='lat' dir='ltr'>persistens</span> 
     </span>
     <span class='ocr_line' id='line_1_31' title="bbox 31 2618 979 2699; baseline 0.002 -23"><span class='ocrx_word' id='word_1_229' title='bbox 31 2625 256 2698; x_wconf 76' lang='lat' dir='ltr'>&amp;perseverans</span> <span class='ocrx_word' id='word_1_230' title='bbox 271 2619 300 2677; x_wconf 92' lang='lat' dir='ltr'>in</span> <span class='ocrx_word' id='word_1_231' title='bbox 314 2618 424 2678; x_wconf 87' lang='lat' dir='ltr'>affectu</span> <span class='ocrx_word' id='word_1_232' title='bbox 438 2619 553 2697; x_wconf 85' lang='lat' dir='ltr'>peccati</span> <span class='ocrx_word' id='word_1_233' title='bbox 577 2619 723 2686; x_wconf 75' lang='lat' dir='ltr'>mortalis,</span> <span class='ocrx_word' id='word_1_234' title='bbox 735 2635 812 2695; x_wconf 89' lang='lat' dir='ltr'>nego</span> <span class='ocrx_word' id='word_1_235' title='bbox 826 2621 979 2699; x_wconf 86' lang='lat' dir='ltr'>subsump-</span> 
     </span>
     <span class='ocr_line' id='line_1_32' title="bbox 33 2697 980 2778; baseline 0.003 -22"><span class='ocrx_word' id='word_1_236' title='bbox 33 2710 97 2768; x_wconf 92' lang='lat' dir='ltr'>tum‚</span> <span class='ocrx_word' id='word_1_237' title='bbox 120 2698 190 2777; x_wconf 88' lang='lat' dir='ltr'>quia</span> <span class='ocrx_word' id='word_1_238' title='bbox 213 2698 377 2758; x_wconf 78' lang='lat' dir='ltr'>secundum</span> <span class='ocrx_word' id='word_1_239' title='bbox 401 2697 564 2756; x_wconf 86' lang='lat' dir='ltr'>antedicta</span> <span class='ocrx_word' id='word_1_240' title='bbox 587 2698 738 2775; x_wconf 84' lang='lat' dir='ltr'>implicat;</span> <span class='ocrx_word' id='word_1_241' title='bbox 761 2703 787 2756; x_wconf 80' lang='lat' dir='ltr'>tr</span> <span class='ocrx_word' id='word_1_242' title='bbox 810 2697 877 2758; x_wconf 88' lang='lat' dir='ltr'>ideo</span> <span class='ocrx_word' id='word_1_243' title='bbox 900 2700 980 2778; x_wconf 91' lang='lat' dir='ltr'>prior</span> 
     </span>
     <span class='ocr_line' id='line_1_33' title="bbox 32 2777 979 2856; baseline 0.001 -19"><span class='ocrx_word' id='word_1_244' title='bbox 32 2779 126 2856; x_wconf 85' lang='lat' dir='ltr'>gratia,</span> <span class='ocrx_word' id='word_1_245' title='bbox 153 2797 218 2855; x_wconf 82' lang='lat' dir='ltr'>qure</span> <span class='ocrx_word' id='word_1_246' title='bbox 240 2777 292 2838; x_wconf 88' lang='lat' dir='ltr'>tali</span> <span class='ocrx_word' id='word_1_247' title='bbox 305 2777 455 2856; x_wconf 87' lang='lat' dir='ltr'>peccatori</span> <span class='ocrx_word' id='word_1_248' title='bbox 469 2777 564 2845; x_wconf 87' lang='lat' dir='ltr'>datur,</span> <span class='ocrx_word' id='word_1_249' title='bbox 589 2777 687 2835; x_wconf 90' lang='lat' dir='ltr'>tendit</span> <span class='ocrx_word' id='word_1_250' title='bbox 706 2777 744 2835; x_wconf 86' lang='lat' dir='ltr'>ad</span> <span class='ocrx_word' id='word_1_251' title='bbox 758 2778 979 2838; x_wconf 86' lang='lat' dir='ltr'>conversionem</span> 
     </span>
     <span class='ocr_line' id='line_1_34' title="bbox 34 2855 978 2936; baseline 0 -19"><span class='ocrx_word' id='word_1_252' title='bbox 34 2858 120 2918; x_wconf 87' lang='lat' dir='ltr'>cordis</span> <span class='ocrx_word' id='word_1_253' title='bbox 134 2861 199 2936; x_wconf 86' lang='lat' dir='ltr'>ejus</span> <span class='ocrx_word' id='word_1_254' title='bbox 213 2857 231 2914; x_wconf 73' lang='lat' dir='ltr'>a</span> <span class='ocrx_word' id='word_1_255' title='bbox 244 2868 368 2935; x_wconf 86' lang='lat' dir='ltr'>peccato</span> <span class='ocrx_word' id='word_1_256' title='bbox 381 2855 507 2915; x_wconf 83' lang='lat' dir='ltr'>actuali:</span> <span class='ocrx_word' id='word_1_257' title='bbox 529 2856 582 2914; x_wconf 88' lang='lat' dir='ltr'>XI.</span> <span class='ocrx_word' id='word_1_258' title='bbox 603 2856 687 2915; x_wconf 89' lang='lat' dir='ltr'>Deus</span> <span class='ocrx_word' id='word_1_259' title='bbox 702 2856 780 2914; x_wconf 89' lang='lat' dir='ltr'>enirn</span> <span class='ocrx_word' id='word_1_260' title='bbox 795 2855 824 2914; x_wconf 88' lang='lat' dir='ltr'>in</span> <span class='ocrx_word' id='word_1_261' title='bbox 840 2857 978 2917; x_wconf 87' lang='lat' dir='ltr'>distribu·</span> 
     </span>
     <span class='ocr_line' id='line_1_35' title="bbox 35 2935 980 3014; baseline 0.001 -18"><span class='ocrx_word' id='word_1_262' title='bbox 35 2937 106 2997; x_wconf 88' lang='lat' dir='ltr'>tione</span> <span class='ocrx_word' id='word_1_263' title='bbox 119 2936 278 3014; x_wconf 87' lang='lat' dir='ltr'>gratiarum</span> <span class='ocrx_word' id='word_1_264' title='bbox 293 2937 429 2996; x_wconf 85' lang='lat' dir='ltr'>observat</span> <span class='ocrx_word' id='word_1_265' title='bbox 442 2935 575 2994; x_wconf 91' lang='lat' dir='ltr'>ordinem</span> <span class='ocrx_word' id='word_1_266' title='bbox 589 2947 623 2993; x_wconf 92' lang='lat' dir='ltr'>ut</span> <span class='ocrx_word' id='word_1_267' title='bbox 637 2955 695 2994; x_wconf 90' lang='lat' dir='ltr'>non</span> <span class='ocrx_word' id='word_1_268' title='bbox 714 2935 754 2994; x_wconf 88' lang='lat' dir='ltr'>sit</span> <span class='ocrx_word' id='word_1_269' title='bbox 766 2938 980 3014; x_wconf 81' lang='lat' dir='ltr'>repugnantia3</span> 
     </span>
     <span class='ocr_line' id='line_1_36' title="bbox 34 3014 979 3094; baseline 0.004 -21"><span class='ocrx_word' id='word_1_270' title='bbox 34 3017 70 3076; x_wconf 87' lang='lat' dir='ltr'>ita</span> <span class='ocrx_word' id='word_1_271' title='bbox 81 3037 107 3074; x_wconf 86' lang='lat' dir='ltr'>r.</span> <span class='ocrx_word' id='word_1_272' title='bbox 120 3037 149 3094; x_wconf 92' lang='lat' dir='ltr'>g.</span> <span class='ocrx_word' id='word_1_273' title='bbox 172 3016 257 3076; x_wconf 89' lang='lat' dir='ltr'>Deus</span> <span class='ocrx_word' id='word_1_274' title='bbox 276 3035 335 3075; x_wconf 88' lang='lat' dir='ltr'>non</span> <span class='ocrx_word' id='word_1_275' title='bbox 350 3015 454 3074; x_wconf 87' lang='lat' dir='ltr'>tribuit</span> <span class='ocrx_word' id='word_1_276' title='bbox 470 3014 581 3074; x_wconf 88' lang='lat' dir='ltr'>infideli</span> <span class='ocrx_word' id='word_1_277' title='bbox 595 3015 718 3092; x_wconf 84' lang='lat' dir='ltr'>gratiam</span> <span class='ocrx_word' id='word_1_278' title='bbox 734 3015 797 3092; x_wconf 89' lang='lat' dir='ltr'>spei</span> <span class='ocrx_word' id='word_1_279' title='bbox 812 3017 858 3074; x_wconf 90' lang='lat' dir='ltr'>vel</span> <span class='ocrx_word' id='word_1_280' title='bbox 872 3019 979 3078; x_wconf 85' lang='lat' dir='ltr'>amoris</span> 
     </span>
     <span class='ocr_line' id='line_1_37' title="bbox 35 3093 980 3173; baseline 0.004 -20"><span class='ocrx_word' id='word_1_281' title='bbox 35 3095 94 3164; x_wconf 92' lang='lat' dir='ltr'>Dei,</span> <span class='ocrx_word' id='word_1_282' title='bbox 107 3095 164 3154; x_wconf 86' lang='lat' dir='ltr'>nisi</span> <span class='ocrx_word' id='word_1_283' title='bbox 177 3095 259 3173; x_wconf 83' lang='lat' dir='ltr'>prids</span> <span class='ocrx_word' id='word_1_284' title='bbox 267 3096 315 3154; x_wconf 88' lang='lat' dir='ltr'>vel</span> <span class='ocrx_word' id='word_1_285' title='bbox 329 3094 415 3154; x_wconf 88' lang='lat' dir='ltr'>simul</span> <span class='ocrx_word' id='word_1_286' title='bbox 427 3093 479 3153; x_wconf 90' lang='lat' dir='ltr'>det</span> <span class='ocrx_word' id='word_1_287' title='bbox 490 3093 585 3153; x_wconf 90' lang='lat' dir='ltr'>eidem</span> <span class='ocrx_word' id='word_1_288' title='bbox 596 3095 720 3172; x_wconf 87' lang='lat' dir='ltr'>gratiam</span> <span class='ocrx_word' id='word_1_289' title='bbox 734 3096 820 3154; x_wconf 83' lang='lat' dir='ltr'>actlls</span> <span class='ocrx_word' id='word_1_290' title='bbox 833 3095 920 3155; x_wconf 88' lang='lat' dir='ltr'>fidei:</span> <span class='ocrx_word' id='word_1_291' title='bbox 936 3099 980 3158; x_wconf 86' lang='lat' dir='ltr'>sic</span> 
     </span>
     <span class='ocr_line' id='line_1_38' title="bbox 36 3173 978 3252; baseline 0.004 -20"><span class='ocrx_word' id='word_1_292' title='bbox 36 3175 110 3234; x_wconf 85' lang='lat' dir='ltr'>Deus</span> <span class='ocrx_word' id='word_1_293' title='bbox 122 3195 181 3234; x_wconf 91' lang='lat' dir='ltr'>non</span> <span class='ocrx_word' id='word_1_294' title='bbox 195 3175 332 3236; x_wconf 89' lang='lat' dir='ltr'>concedit</span> <span class='ocrx_word' id='word_1_295' title='bbox 345 3174 395 3232; x_wconf 88' lang='lat' dir='ltr'>isti</span> <span class='ocrx_word' id='word_1_296' title='bbox 409 3173 558 3252; x_wconf 85' lang='lat' dir='ltr'>peccatori</span> <span class='ocrx_word' id='word_1_297' title='bbox 571 3175 695 3252; x_wconf 84' lang='lat' dir='ltr'>gratiam</span> <span class='ocrx_word' id='word_1_298' title='bbox 705 3175 821 3233; x_wconf 80' lang='lat' dir='ltr'>‘devotae</span> <span class='ocrx_word' id='word_1_299' title='bbox 830 3177 978 3252; x_wconf 85' lang='lat' dir='ltr'>orationis,</span> 
     </span>
     <span class='ocr_line' id='line_1_39' title="bbox 37 3253 979 3332; baseline 0.005 -21"><span class='ocrx_word' id='word_1_300' title='bbox 37 3255 85 3312; x_wconf 89' lang='lat' dir='ltr'>nisi</span> <span class='ocrx_word' id='word_1_301' title='bbox 93 3255 173 3332; x_wconf 80' lang='lat' dir='ltr'>pride</span> <span class='ocrx_word' id='word_1_302' title='bbox 183 3255 231 3313; x_wconf 87' lang='lat' dir='ltr'>vel</span> <span class='ocrx_word' id='word_1_303' title='bbox 241 3254 327 3312; x_wconf 88' lang='lat' dir='ltr'>simul</span> <span class='ocrx_word' id='word_1_304' title='bbox 338 3253 478 3330; x_wconf 87' lang='lat' dir='ltr'>largiatur</span> <span class='ocrx_word' id='word_1_305' title='bbox 489 3253 517 3311; x_wconf 89' lang='lat' dir='ltr'>ei</span> <span class='ocrx_word' id='word_1_306' title='bbox 525 3254 650 3331; x_wconf 88' lang='lat' dir='ltr'>gratiam</span> <span class='ocrx_word' id='word_1_307' title='bbox 662 3255 829 3332; x_wconf 88' lang='lat' dir='ltr'>deponendi</span> <span class='ocrx_word' id='word_1_308' title='bbox 839 3255 979 3316; x_wconf 83' lang='lat' dir='ltr'>affectum</span> 
     </span>
     <span class='ocr_line' id='line_1_40' title="bbox 54 3331 978 3411; baseline 0.002 -19"><span class='ocrx_word' id='word_1_309' title='bbox 54 3334 176 3402; x_wconf 82' lang='lat' dir='ltr'>secandi,</span> <span class='ocrx_word' id='word_1_310' title='bbox 199 3333 317 3396; x_wconf 82' lang='lat' dir='ltr'>velnisi</span> <span class='ocrx_word' id='word_1_311' title='bbox 330 3333 388 3392; x_wconf 90' lang='lat' dir='ltr'>iste</span> <span class='ocrx_word' id='word_1_312' title='bbox 402 3331 526 3392; x_wconf 81' lang='lat' dir='ltr'>affectus</span> <span class='ocrx_word' id='word_1_313' title='bbox 540 3333 672 3392; x_wconf 85' lang='lat' dir='ltr'>sublatus</span> <span class='ocrx_word' id='word_1_314' title='bbox 687 3331 744 3392; x_wconf 85' lang='lat' dir='ltr'>sit:</span> <span class='ocrx_word' id='word_1_315' title='bbox 766 3345 865 3411; x_wconf 89' lang='lat' dir='ltr'>potest</span> <span class='ocrx_word' id='word_1_316' title='bbox 878 3347 978 3396; x_wconf 89' lang='lat' dir='ltr'>autem</span> 
     </span>
     <span class='ocr_line' id='line_1_41' title="bbox 37 3353 978 3491; baseline 0.009 -23"><span class='ocrx_word' id='word_1_317' title='bbox 37 3353 170 3472; x_wconf 80' lang='lat' dir='ltr'>ionicide</span> <span class='ocrx_word' id='word_1_318' title='bbox 184 3413 322 3491; x_wconf 78' lang='lat' dir='ltr'>prefatus</span> <span class='ocrx_word' id='word_1_319' title='bbox 336 3413 425 3471; x_wconf 85' lang='lat' dir='ltr'>istum</span> <span class='ocrx_word' id='word_1_320' title='bbox 436 3411 575 3471; x_wconf 84' lang='lat' dir='ltr'>affectum</span> <span class='ocrx_word' id='word_1_321' title='bbox 587 3413 729 3490; x_wconf 87' lang='lat' dir='ltr'>peccandi</span> <span class='ocrx_word' id='word_1_322' title='bbox 744 3414 900 3491; x_wconf 91' lang='lat' dir='ltr'>deponere,</span> <span class='ocrx_word' id='word_1_323' title='bbox 916 3417 978 3476; x_wconf 88' lang='lat' dir='ltr'>sive</span> 
     </span>
     <span class='ocr_line' id='line_1_42' title="bbox 40 3491 977 3568; baseline 0.004 -18"><span class='ocrx_word' id='word_1_324' title='bbox 40 3503 125 3568; x_wconf 86' lang='lat' dir='ltr'>potest</span> <span class='ocrx_word' id='word_1_325' title='bbox 142 3494 178 3551; x_wconf 85' lang='lat' dir='ltr'>ab</span> <span class='ocrx_word' id='word_1_326' title='bbox 203 3492 311 3552; x_wconf 86' lang='lat' dir='ltr'>actuali</span> <span class='ocrx_word' id='word_1_327' title='bbox 325 3491 374 3551; x_wconf 90' lang='lat' dir='ltr'>illo</span> <span class='ocrx_word' id='word_1_328' title='bbox 394 3502 518 3568; x_wconf 86' lang='lat' dir='ltr'>peccato</span> <span class='ocrx_word' id='word_1_329' title='bbox 532 3511 647 3551; x_wconf 86' lang='lat' dir='ltr'>cessare</span> <span class='ocrx_word' id='word_1_330' title='bbox 662 3493 772 3550; x_wconf 89' lang='lat' dir='ltr'>viribus</span> <span class='ocrx_word' id='word_1_331' title='bbox 786 3504 898 3553; x_wconf 87' lang='lat' dir='ltr'>naturae</span> <span class='ocrx_word' id='word_1_332' title='bbox 913 3496 977 3554; x_wconf 76' lang='lat' dir='ltr'>sine</span> 
     </span>
     <span class='ocr_line' id='line_1_43' title="bbox 39 3570 977 3650; baseline 0.002 -20"><span class='ocrx_word' id='word_1_333' title='bbox 39 3572 120 3646; x_wconf 84' lang='lat' dir='ltr'>gratia</span> <span class='ocrx_word' id='word_1_334' title='bbox 132 3571 363 3650; x_wconf 83' lang='lat' dir='ltr'>supernaturali:</span> <span class='ocrx_word' id='word_1_335' title='bbox 378 3570 549 3648; x_wconf 81' lang='lat' dir='ltr'>&amp;deposito</span> <span class='ocrx_word' id='word_1_336' title='bbox 560 3571 617 3630; x_wconf 86' lang='lat' dir='ltr'>isto</span> <span class='ocrx_word' id='word_1_337' title='bbox 630 3570 746 3642; x_wconf 85' lang='lat' dir='ltr'>affectu,</span> <span class='ocrx_word' id='word_1_338' title='bbox 762 3573 933 3632; x_wconf 82' lang='lat' dir='ltr'>&amp;existens</span> <span class='ocrx_word' id='word_1_339' title='bbox 947 3575 977 3632; x_wconf 91' lang='lat' dir='ltr'>in</span> 
     </span>
     <span class='ocr_line' id='line_1_44' title="bbox 40 3649 976 3731; baseline 0.002 -21"><span class='ocrx_word' id='word_1_340' title='bbox 40 3661 148 3728; x_wconf 81' lang='lat' dir='ltr'>peccato</span> <span class='ocrx_word' id='word_1_341' title='bbox 171 3650 286 3712; x_wconf 86' lang='lat' dir='ltr'>mortali</span> <span class='ocrx_word' id='word_1_342' title='bbox 310 3649 492 3711; x_wconf 85' lang='lat' dir='ltr'>solummodo</span> <span class='ocrx_word' id='word_1_343' title='bbox 515 3651 657 3711; x_wconf 86' lang='lat' dir='ltr'>habituali</span> <span class='ocrx_word' id='word_1_344' title='bbox 681 3651 791 3730; x_wconf 91' lang='lat' dir='ltr'>poterit</span> <span class='ocrx_word' id='word_1_345' title='bbox 814 3671 867 3731; x_wconf 90' lang='lat' dir='ltr'>per</span> <span class='ocrx_word' id='word_1_346' title='bbox 892 3673 976 3712; x_wconf 88' lang='lat' dir='ltr'>usum</span> 
     </span>
    </p>

    <p class='ocr_par' dir='ltr' id='par_1_11' title="bbox 470 3731 530 3788">
     <span class='ocr_line' id='line_1_45' title="bbox 470 3731 530 3788; baseline 0 0"><span class='ocrx_word' id='word_1_347' title='bbox 470 3731 490 3788; x_wconf 77' lang='lat'><strong>2</strong></span> <span class='ocrx_word' id='word_1_348' title='bbox 511 3748 530 3788; x_wconf 77' lang='lat' dir='ltr'>n</span> 
     </span>
    </p>
   </div>
   <div class='ocr_carea' id='block_1_7' title="bbox 0 0 1148 4072">
    <p class='ocr_par' dir='ltr' id='par_1_12' title="bbox 0 0 1148 4072">
     <span class='ocr_line' id='line_1_46' title="bbox 0 0 1148 4072; baseline 0 0"><span class='ocrx_word' id='word_1_349' title='bbox 0 0 1148 4072; x_wconf 95' lang='lat' dir='ltr'> </span> 
     </span>
    </p>
   </div>
  </div>
 </body>
</html>
