2236 4084
418 163 594 210 cssomcrs.
939 145 977 206 37

75 303 109 366 Il.
128 303 169 364 R.
187 300 255 368 Van
279 303 347 385 lloy
368 303 407 366 de
429 305 496 366 Rei.
510 323 536 366 c.
555 305 587 364 a:
598 323 626 382 q.
648 303 668 362 6
690 302 829 382 Bossuyt,
844 301 977 373 Billuart,

41 381 133 446 Covar.
162 385 192 444 ri
216 384 325 464 passim
348 384 515 444 Canonistss
546 383 663 452 docent,
697 401 766 445 eum
792 382 914 460 obligari
940 385 979 446 ad
1108 409 1109 418 ¹

73 463 257 524 rsolvendum
286 463 490 542 quotidianum
513 462 664 522 Horarum
689 476 823 540 pensum,
846 461 871 522 si
884 463 980 524 Bene·

39 484 129 602 iiium
152 543 201 604 vel
224 542 359 602 minimos
380 543 491 602 referet
513 542 637 610 fructus,
660 540 730 620 quia
751 539 914 602 secundini
928 561 979 607 eos

40 621 110 680 solus
123 621 268 682 Beneficii
282 621 387 680 titulus
401 620 515 680 inducit
527 620 607 680 illam
622 619 829 699 obligationem
839 621 981 700 indepen-

39 699 337 762 denterafructibus.
978 767 982 776 ,

69 777 122 838 ΙΙΙ.
141 779 291 858 Wiggers,
312 778 457 840 Daelman
477 782 503 838 s
522 777 622 873 plures
638 776 781 856 Theologi
801 779 981 842 recentiores

39 855 157 918 eundem
172 859 309 918 eximunt
321 861 358 918 ab
371 877 462 920 onere
474 857 619 919 recitandi
633 857 739 926 Horas,
760 857 785 916 si
798 858 981 920 Beneficium

36 935 124 998 nullos
137 937 255 998 fructus
262 937 380 1008 reddat,
388 939 436 998 val
445 937 540 1006 solim
550 937 633 996 valde
648 935 791 1015 exiguom
804 937 872 998 crlm
883 937 981 998 inmo·

38 1015 138 1076 ralibus
208 1035 259 1076 um
293 1017 356 1076 uasi
369 1016 442 1075 nihil
455 1027 620 1096 reputetur.

71 1094 122 1154 lv,
175 1037 325 1174 esponrieo
338 1095 437 1174 igitur,
458 1095 541 1155 illum
568 1093 664 1156 teneri
679 1093 843 1174 aliquoties,
862 1115 888 1156 e.
906 1117 932 1157 c.
952 1098 982 1156 in

35 1173 263 1246 Festiritatibns,
283 1174 409 1234 recitare
431 1175 529 1234 Horas
549 1173 729 1236 Cononicas:
750 1175 884 1252 quamvis
904 1177 983 1240 anim

35 1251 125 1312 nullos
138 1253 257 1314 fructus
272 1273 311 1313 ex
323 1253 407 1316 bonis
425 1253 578 1334 percipiat,
598 1252 710 1332 gaudet
730 1263 828 1314 tamen
842 1253 905 1314 aliis
920 1257 983 1336 qui·

34 1330 155 1396 busdam
170 1333 331 1392 commodis
344 1333 392 1394 vel
404 1333 561 1404 favoribus,
582 1331 741 1411 privilegiis
754 1331 803 1392 vel
815 1333 982 1405 honoribus,

34 1411 76 1469 vel
85 1411 216 1489 juribus,
230 1411 260 1470 in
275 1411 381 1492 quibus
394 1411 575 1474 Beneficium
586 1409 731 1494 persistit;
751 1411 880 1491 alioquin
887 1413 984 1478 Bene·

33 1487 131 1552 ficium
154 1489 288 1556 totaliter
311 1491 481 1562 interiisset,
509 1493 540 1552 tiz
563 1489 689 1570 amplius
716 1509 774 1549 non
801 1482 983 1564 subsisteret,

33 1568 109 1647 quod
123 1581 176 1630 est
188 1581 292 1630 contra
305 1571 498 1650 suppositum.
901 1576 903 1584 '

70 1645 108 1710 V.
129 1647 202 1708 Non
215 1649 334 1710 videtur
347 1661 446 1710 tamen
460 1649 508 1710 ille
518 1647 717 1712 Beneficiatus
730 1647 876 1729 obligatus
888 1651 927 1712 ad
940 1672 985 1714 re·

32 1725 187 1788 citandum
202 1726 334 1807 quotidie
348 1727 484 1802 Officium
497 1727 639 1790 Divinum
653 1727 810 1808 integrum,
824 1727 878 1789 sed
891 1731 985 1793 solum

31 1807 150 1866 servatii
164 1807 354 1886 proportione
368 1807 519 1869 fructuum
532 1807 594 1868 sive
607 1809 749 1884 favorurrr.
789 1808 878 1870 Ratio
890 1802 985 1880 datnr‘,

32 1883 108 1966 qdod
135 1885 277 1948 Ecclesia
297 1907 355 1946 non
376 1886 705 1968 censeaturlimponere
728 1905 802 1946 onus
824 1887 906 1960 illud,
930 1889 987 1950 nisi

31 1963 181 2025 concedat
196 1967 247 2044 jus
274 1965 322 2027 vel
345 1965 525 2045 stipendium
547 1965 671 2044 alicujus
694 1965 917 2028 sustentationis
940 1971 989 2032 vel'
1032 1981 1033 1988 ’

27 2042 151 2113 macris,
182 2045 254 2122 quia
273 2045 410 2106 Ecclesia
434 2045 499 2104 vult
528 2043 646 2108 'servaro
671 2043 816 2106 rationem
841 2044 987 2128 equitatis

26 2125 113 2204 juxta
124 2122 165 2182 id
180 2123 207 2182 l.
221 2124 289 2184 Cor.
302 2126 321 2183 9
343 2124 448 2190 “Quis
468 2123 576 2184 militat
591 2123 651 2183 suis
666 2123 820 2202 stipendiis
834 2129 986 2208 unquam?

30 2201 87 2267 Qui
100 2201 195 2262 altari
209 2202 389 2274 deserviunt,
406 2221 474 2264 cum
487 2203 572 2264 altari
585 2201 788 2298 participant”

66 2281 120 2341 Vl.
143 2281 217 2342 Ob'.
246 2277 383 2360 Ecclesia
405 2283 468 2343 sine
492 2279 653 2342 uiolatione
680 2299 705 2342 m
726 2282 827 2344 uitatis
854 2286 987 2346 omnibus

29 2358 120 2420 Sacro
136 2359 186 2422 Or
209 2361 257 2422 'nc
270 2359 417 2442 insignitis
431 2361 556 2440 imponit
568 2380 642 2421 onus
651 2303 726 2421 irrui
734 2361 878 2424 recitandi
890 2365 987 2440 Horas

29 2439 210 2511 eanonicus,
224 2459 281 2501 nec
295 2441 339 2501 eis
349 2441 550 2504 conceditnec
560 2441 689 2533 assignat
703 2441 863 2520 temporale
878 2443 988 2522 stipen-

28 2519 133 2600 dium3
156 2537 230 2600 ergo
244 2519 288 2580 sic
302 2521 436 2580 omnibus
448 2519 650 2581 Beneficiarirs
670 2522 809 2582 censetur
822 2521 902 2583 idem
915 2541 990 2584 onus

28 2598 65 2656 im
87 2617 189 2660 onere
202 2599 233 2657 in
246 2599 307 2658 vim
321 2599 400 2660 tituli
414 2599 565 2660 Beneficii.
1063 2651 1066 2660 ,

128 2677 166 2738 Ν
204 2720 213 2736 .
233 2697 353 2760 conseq.
391 2679 558 2758 Disparitas
576 2690 631 2750 est,
646 2678 726 2758 qdod
739 2677 875 2742 Ecclesia
889 2681 918 2740 in
932 2681 988 2744 illis

29 2757 989 2916 {assimilerisfttllisslrisiilitilt

26 2935 146 2994 ponens
176 2935 252 2976 onus
278 2915 397 2999 legendi
424 2917 522 2983 Horas
548 2918 719 2996 canonicas,
746 2919 840 2997 magis
873 2931 990 2998 spectat
1102 2912 1105 2919 ’

29 2993 223 3058 Beneficium
245 2993 313 3088 sive⁴
324 2999 375 3078 jus
396 3007 591 3081 proventuum
613 2997 826 3078 temporalium,
850 2999 888 3060 ob
911 3001 990 3079 quod

28 3095 101 3136 onus
129 3071 212 3135 illud
234 3073 367 3154 imponit
406 3073 525 3142 Deinde
552 3075 687 3140 Ecclesia
713 3077 802 3138 etism
829 3095 887 3137 non
914 3081 990 3142 solet
1100 3079 1107 3108 ¹

29 3155 172 3215 conferre
197 3151 329 3216 Ordines
356 3153 460 3224 Sacros
482 3153 539 3217 nisi
560 3156 685 3236 provisis.
705 3157 743 3218 de
764 3155 851 3218 titulo
874 3171 988 3222 susten·

29 3232 168 3294 adonis
528 3232 530 3242 ’

63 3313 142 3372 VII.
164 3313 236 3392 Obj.
256 3311 456 3378 Beneficiatus
476 3313 572 3376 sciens
592 3315 623 3374 dr
637 3315 738 3378 volens
751 3314 861 3394 accipit
874 3317 988 3380 Benefi-

29 3391 108 3452 cium
124 3411 201 3452 cnm
210 3391 269 3452 'tali
283 3411 389 3461 oncrc;
410 3409 481 3473 ergo
494 3393 567 3452 nihil
581 3393 679 3473 agitur
696 3406 799 3456 contra
811 3396 990 3476 aequitatem.

63 3472 105 3532 R.
130 3471 277 3532 Ecclesia
287 3471 399 3540 volenti
412 3493 470 3534 non
483 3473 547 3533 vult
560 3473 710 3554 imponere
720 3493 803 3545 onus,
817 3475 873 3534 nisi
886 3493 990 3538 secun-

28 3550 97 3608 dum
123 3549 311 3629 equitatem
327 3563 544 3632 compensetur,
563 3557 653 3632 Juxta
680 3553 765 3620 illud:
795 3554 882 3622 “Qui
901 3555 988 3616 'elteri

27 3629 214 3690 deserviunt
227 3647 295 3694 cum
308 3629 393 3691 altari
406 3631 585 3712 participant
599 3633 625 3692 l.
638 3631 677 3693 ad
690 3633 757 3693 Cor.
770 3631 814 3692 9.”

64 3710 144 3787 Obj.
167 3709 241 3769 Pius
255 3707 292 3768 V.
305 3729 348 3772 ex.
359 3709 450 3772 Cone.
463 3711 656 3776 Lateranensi
678 3709 861 3792 pronunciat,
883 3723 916 3770 ut
927 3731 969 3790 qu:

31 3805 157 3867 casque
169 3787 284 3852 habens
298 3786 490 3864 Beneficium,
509 3791 694 3856 &omittens
713 3789 858 3859 Officium,
875 3789 969 3852 linem
