2254 4072
376 235 420 278 ns
439 233 642 278 sonarararn
921 223 979 282 357

71 376 110 434 R.
130 373 186 436 Est
199 393 338 436 mucosus
352 373 383 434 ln
397 387 469 454 potu
482 375 655 438 inebriativo
668 393 762 456 nsque
775 376 814 438 ad
826 375 985 444 violentam

29 454 227 534 privationem
241 456 312 515 mus
325 454 455 515 rationis.
885 453 887 464 ’

70 535 223 600 Quantum
232 543 390 612 peccatum
404 545 451 596 est
463 532 612 596 ebrietas?
647 599 648 604 ,
887 607 892 616 ,

67 611 129 672 ΙΙΙ.
148 614 185 672 R.
207 614 263 674 Est
275 634 315 674 ex
328 633 438 706 genere
452 634 506 674 suo
514 624 671 694 peccatum
683 613 816 676 mortale.

67 692 215 753 Probatur
223 713 262 753 ex
277 693 385 772 Scrrpt.
399 693 429 753 S.
440 693 509 773 quia
521 693 560 753 ad
574 693 641 754 Gal.
653 695 683 754 5.
695 713 724 752 v.
736 696 784 753 21.
798 693 924 776 ebrietas
937 716 984 758 rs·

28 783 170 833 censetur
179 772 257 834 inter
264 783 396 850 peccata,
402 791 468 852 qure
473 772 637 834 excludunt
649 772 668 832 d
679 791 773 853 regno
780 771 860 835 Dei:
874 775 985 837 “Ebri-

28 861 129 912 etatas
132 893 203 913 ......
207 857 233 911 dr
255 852 301 912 his
322 851 429 954 similia
432 897 504 914 ......
507 852 558 933 qui
579 851 649 914 talia
664 863 766 933 agrmt,
787 873 911 936 regnum
924 855 984 916 Dei

26 942 457 1103 lelol'sretllbliilrluarlratione,
476 1010 547 1090 quia
563 1009 650 1104 bomo
672 1030 726 1104 per
739 1011 912 1090 ebrietatem
925 1013 984 1093 pri·
1111 1040 1112 1043 ¹

27 1099 77 1148 vat
105 1107 139 1150 se
164 1089 403 1169 prestantissima
427 1093 514 1162 bono,
538 1108 596 1168 quo
619 1090 808 1170 distinguitur
828 1091 848 1152 d
871 1091 989 1164 brutis;

26 1167 167 1228 nimirum
180 1169 374 1230 mutationis.
414 1169 503 1234 Adde
521 1169 656 1250 pericula
676 1171 829 1243 malorum,
850 1189 916 1252 quae
943 1191 982 1234 ex

28 1246 177 1308 ebrietate
185 1259 256 1309 nata
268 1260 340 1308 sunt
352 1249 447 1328 sequi.

67 1325 109 1384 V.
122 1327 190 1406 Obj.
203 1328 281 1388 Gen.
294 1331 343 1388 48.
365 1327 487 1408 Joseph,
500 1332 527 1388 dr
539 1326 609 1390 alibi
622 1325 672 1390 alii
685 1325 787 1390 Sancti
799 1327 938 1408 leguntur
951 1329 982 1392 in
1112 1337 1113 1346 ’

31 1405 141 1485 Soript
154 1405 356 1477 S-inebriati3
375 1427 456 1486 ergo.
738 1463 740 1468 ,
1112 1429 1113 1432 ¹

66 1484 107 1543 R.
121 1485 158 1544 In
172 1485 279 1565 Script.
293 1485 324 1546 S.
344 1505 403 1546 vox
425 1484 563 1547 inebriari
582 1485 753 1564 frequenter
775 1485 918 1568 accipitur
930 1508 984 1570 pro

30 1562 131 1624 sedan
143 1569 170 1624 ἀ
183 1565 340 1626 exhilarari
352 1565 416 1626 sine
430 1577 554 1645 peccato
562 1567 712 1626 excessus.

67 1642 138 1723 Obj.
159 1643 317 1705 Dormieus
329 1644 426 1737 privat
438 1663 470 1704 se
483 1643 669 1706 usurationis
677 1664 731 1726 per
741 1664 883 1718 somnum,
892 1650 983 1708 &non
1113 1677 1114 1680 ¹

29 1733 565 1895 wffiezslcoiilslldilpldrffi
587 1813 643 1895 est,
667 1799 747 1881 qudd
760 1822 878 1864 somnus
892 1803 983 1885 hupa-

31 1879 91 1940 diat
103 1900 192 1942 nsum
204 1882 325 1943 rationis
338 1882 511 1942 naturaliter
532 1901 592 1942 non
613 1881 742 1973 violente
759 1903 816 1944 nec
829 1883 927 1944 medio
940 1885 983 1944 in-

31 1960 174 2033 ordinato,
187 1962 290 2022 namin
300 1975 403 2024 somno
412 1972 589 2022 cessatusus
599 1959 718 2021 radonis
726 1962 875 2022 mediante
884 1963 984 2042 quiete

31 2059 189 2110 sensuumr
208 2041 262 2102 sed
287 2059 341 2120 per
354 2039 528 2102 ebrietatem
545 2039 668 2118 privatIo
681 2041 752 2100 usus
765 2041 886 2102 rationis
899 2041 983 2106 indu·
1114 2046 1115 2076 ¹

33 2119 107 2180 citur
128 2119 267 2192 violente,
288 2121 423 2183 sensibus
445 2124 472 2180 a
493 2118 676 2199 passionibus
698 2139 777 2198 saepe
797 2121 985 2202 vigilantrbus

35 2212 64 2259 et
76 2199 237 2270 indomitis,
256 2205 283 2258 dt
295 2199 436 2260 sichomo
449 2197 636 2261 constituitur
648 2197 680 2258 in
692 2210 782 2270 statu,
796 2199 827 2258 in
840 2220 898 2283 quo
910 2202 985 2264 ratio

32 2280 221 2358 mrbematrix
231 2299 316 2340 suum
324 2279 451 2340 officium
460 2278 569 2356 exequi
582 2297 641 2338 non
653 2289 770 2356 potest:
791 2279 897 2362 deinde
907 2301 984 2342 som·

32 2378 84 2418 nus
97 2359 195 2418 solbm
207 2353 332 2438 impedit
353 2357 499 2420 actualem
520 2375 615 2428 usum,
641 2375 699 2418 uon
721 2357 818 2436 privat
837 2371 985 2438 potestate
1114 2369 1115 2424 l

35 2458 84 2499 seu
97 2438 264 2518 aptitudine
274 2437 440 2530 propinqui
452 2438 523 2498 usus
535 2435 665 2508 rationis,
680 2437 839 2518 quodfacit
848 2439 983 2512 ebrietas,
1114 2463 1115 2466 ¹

35 2518 101 2577 dum
114 2537 238 2598 vapores
251 2517 339 2578 calidi
353 2535 392 2578 ex
405 2527 478 2597 potu
491 2516 522 2578 in
530 2516 651 2577 cerebro
664 2515 787 2576 nimium
800 2517 904 2600 agitati
917 2539 983 2599 per·
1114 2519 1115 2528 ’

35 2599 153 2658 turbant
185 2597 378 2658 hmtasmata
952 2666 955 2676 1

70 2675 142 2736 v11.
162 2618 230 2756 gbj.
243 2676 301 2736 Ex.
327 2675 417 2738 odore
430 2674 523 2754 lupuli
545 2673 592 2736 vel
604 2673 685 2736 fumo
699 2673 795 2736 tabam
809 2676 873 2754 quis
887 2677 984 2740 raddi-

35 2757 214 2818 uumtionis
226 2755 328 2834 impos,
342 2754 420 2816 sicut
433 2773 472 2814 ex
485 2764 574 2834 potu;
593 2773 672 2834 ergo.
821 2771 822 2778 ¹

70 2836 107 2896 R.
128 2836 197 2897 Non
210 2835 307 2896 solent
319 2835 376 2896 illoe
390 2852 484 2896 cause
507 2833 611 2894 tollere
633 2831 753 2894 rationis
766 2853 861 2906 usum,
874 2837 929 2898 sad
941 2837 984 2897 in·

35 2916 107 2976 ferre
121 2915 216 2976 solum
228 2913 389 2992 vertigines
409 2913 514 2994 capitis
535 2924 739 2988 transeuntem
758 2911 790 2974 Si
802 2925 903 2974 autem
916 2936 984 2998 sup·

37 2991 984 3151 ttlt‘ltlmtttzittltttttttltltt

71 3153 171 3214 Primo
184 3173 224 3216 ex
240 3151 462 3232 imperfectione
483 3149 639 3214 voluntarii
661 3169 714 3230 per
736 3151 881 3232 quandam
904 3153 985 3215 inad-

37 3231 207 3294 vertentium
220 3233 314 3302 actris,
327 3231 375 3292 vel
388 3251 428 3292 ex
441 3229 606 3310 ignorantia
618 3229 792 3292 conditionis
805 3232 892 3312 potlis
903 3254 912 3292 r
925 3233 985 3294 imd

38 3310 75 3371 sic
87 3313 197 3391 absque
249 3322 334 3374 ccato
347 3311 484 3372 obvenire
498 3320 616 3390 possets
637 3310 792 3390 quomodo
804 3321 924 3388 putatur
934 3333 988 3374 ex·

40 3391 178 3451 cusandus
222 3395 258 3452 o'e'
273 3391 351 3451 Gen.
364 3411 391 3451 c.
404 3391 433 3449 9.
454 3390 524 3450 dum
547 3401 647 3450 tamen
670 3387 735 3468 quis
757 3389 928 3468 frequenter
941 3405 987 3454 est

40 3469 202 3541 ebrius,sub
212 3470 258 3530 his
288 3469 361 3530 alliis
375 3481 457 3532 tutus
469 3489 528 3530 non
538 3469 605 3542 erit,
620 3468 689 3549 quia
701 3467 803 3529 debuit
816 3469 986 3547 previdere.

73 3549 125 3608 IX.
147 3491 288 3612 Secundi
298 3569 337 3610 ex
350 3549 470 3610 levitate
493 3547 624 3610 materiae
645 3549 707 3610 sive
726 3568 766 3608 ex
778 3547 837 3608 levi
851 3551 984 3622 ex'cessu,

42 3627 104 3687 dum
126 3629 252 3690 ebrietas
279 3648 338 3689 non
359 3639 405 3690 est
417 3628 560 3706 perfecta,
584 3627 639 3688 sed
661 3626 844 3707 imperfecta,
864 3632 985 3693 turbans

43 3705 137 3769 leviter
149 3708 271 3770 rationis
284 3726 389 3770 usumt
409 3708 512 3768 verbm
525 3707 555 3766 in
568 3707 626 3768 hoc
639 3727 710 3768 casu
724 3705 927 3768 Confessarius
941 3708 985 3768 in·

1038 515 1056 561 b

44 3786 139 3863 quirat,
149 3789 250 3852 utrdm
264 3788 322 3850 iste
335 3808 367 3850 se
375 3807 434 3850 non
445 3786 615 3868 exposuerit
622 3786 754 3868 periculo
761 3785 878 3868 majoris
892 3788 984 3850 ebrie·
