2230 4094
392 169 435 217 oa
455 171 549 238 voto.
887 159 943 225 loa

42 307 74 370 R.
93 308 226 374 Affirmat
249 311 412 384 Daalrnanr
433 313 487 376 ssd
507 313 620 376 rectids
634 327 767 409 negatur,
779 316 848 398 quia
868 338 942 399 opus

14 389 174 468 promissum,
188 391 325 454 nimirum
339 392 458 454 donatio
471 391 601 474 prodiga.
616 406 665 456 est
676 395 822 456 illicitum.

42 463 97 530 Nec
110 473 216 540 obstat,
232 469 312 550 qudd
325 471 478 550 promissio
497 475 620 554 prodiga
643 473 753 536 homini
771 475 851 538 facta
865 477 942 538 sorte

15 545 110 628 obliget,
124 543 194 630 quia
207 549 327 611 donatio
343 551 466 632 prodiga
478 563 578 631 potest
601 573 666 614 esse
690 553 770 614 utilis
792 553 877 616 alteri
892 557 942 618 ho·

15 629 73 698 uini,
85 635 110 688 dr
121 631 248 690 eatenus
259 632 296 690 ab
310 627 415 692 eodem
428 629 577 710 acceptari
590 645 690 712 potest
709 633 862 713 promissio
876 657 942 715 pro·

17 707 79 784 iigm
98 705 152 768 sed
162 707 282 769 donatio
304 709 436 790 prodiga,
455 713 560 790 utpote
582 711 667 781 mala,
687 733 745 774 nou
760 725 807 776 est
820 715 943 776 materia

16 788 90 846 mltis
104 788 215 857 divini;
235 808 307 868 ergo
321 785 417 850 aDeo
430 787 584 870 promissio
600 791 667 852 talis
688 812 747 851 non
761 805 943 874 acceptatur.

41 863 101 925 VII.
121 863 262 946 Denique
284 867 445 950 conclude:
471 867 497 930 ai
518 870 662 950 quispitm
682 885 820 952 gravatus
834 873 944 934 debitis

15 943 83 1005 iciat
94 959 197 1008 votum
210 947 290 1008 reale
304 947 335 1006 in
348 945 551 1026 praejudicium
574 969 635 1010 suae
658 949 775 1012 familia
787 953 835 1011 vel
849 953 943 1016 credi-

15 1035 97 1094 torum,
110 1024 186 1110 illud
199 1045 265 1088 esse
279 1023 449 1089 invalidum.

43 1242 72 1300 u.
90 1245 137 1304 90.
181 1243 336 1305 vorum
356 1243 620 1386 oapppoussu
640 1245 699 1307 ou
721 1200 905 1310 uamom

16 1477 30 1536 1.
45 1479 137 1542 Dour
156 1481 234 1542 ratio
253 1481 449 1560 conclusionis.
490 1483 530 1543 11.
550 1481 730 1569 Dupavttas.
758 1481 859 1547 Votum
871 1489 945 1547 inter

54 1562 202 1637 &laram
243 1559 299 1622 111.
322 1561 432 1622 Semo
449 1561 646 1623 conclusionis.
685 1564 738 1624 1v.
758 1565 878 1626 Bonum
898 1569 942 1626 di·

53 1642 575 1720 dtarnwdmdaplicfflaosoel
711 1646 744 1707 ⁸.
797 1645 945 1705 V.Aotm

54 1721 204 1798 anusqui
216 1741 275 1779 non
297 1732 339 1781 est
362 1723 482 1782 utatcn'o
511 1719 583 1782 Voti.
653 1720 676 1780 Ι.
701 1721 834 1801 Olp'eats‘o.
874 1721 943 1784 VII.

56 1799 371 1880 Stffcs'toltcrutram:
392 1795 492 1860 mlius
509 1804 542 1860 iu
554 1809 587 1860 re
602 1796 828 1881 octrumum(
859 1803 944 1866 VIII.

59 1879 95 1939 Ut
113 1879 217 1940 Votum
228 1882 268 1938 rit
278 1881 408 1974 validum
420 1881 446 1954 ἃ
461 1881 578 1940 licitum.
698 1949 701 1956 ‚

39 2037 59 2095 1.
76 2031 320 2109 PROBA'I'UR,
335 2037 403 2120 quia
416 2037 441 2099 si
454 2049 565 2110 votum,
585 2037 663 2120 quod
677 2057 735 2100 non
750 2051 796 2101 est
810 2039 848 2102 de
862 2039 945 2102 meli-

14 2115 42 2173 ori
52 2117 131 2189 bono,
147 2127 230 2178 esset
243 2113 381 2189 validum,
395 2119 453 2179 hoc
466 2130 567 2178 votum
577 2119 756 2198 obligaret&
770 2121 945 2183 excluderet

15 2213 50 2253 seu
69 2199 187 2260 tolleret
210 2208 388 2276 potestatem
412 2197 656 2276 &aptitudinem
682 2198 793 2261 licitam
818 2202 856 2260 ad
870 2219 944 2280 opus
1025 2231 1028 2236 ·

15 2276 94 2336 uelius
118 2297 158 2356 op
213 2277 306 2338 itum:
333 2273 401 2337 talis
432 2287 532 2338 autem
560 2279 716 2356 potestatis
743 2279 852 2348 ablatio
885 2299 944 2340 uon

15 2355 74 2487 cffdit
86 2351 116 2416 iri
130 2375 153 2436 g
165 2355 255 2416 oriam
267 2347 337 2428 Dei,
352 2353 406 2417 sed
419 2369 536 2425 contra3
558 2371 629 2436 ergo
652 2373 710 2416 non
732 2371 905 2438 acceptatur
927 2361 945 2418 a

36 2454 70 2494 eo.
392 2479 396 2492 „

41 2514 99 2594 Obj.
119 2513 329 2580 duramentum
342 2521 405 2576 nori
416 2511 507 2576 debet
520 2533 586 2576 esse
601 2513 639 2576 de
652 2515 766 2576 meliori
778 2517 864 2586 bono,
874 2537 944 2596 ergo

16 2605 175 2654 uerutum.
237 2609 254 2654 ,’
369 2642 379 2656 r
448 2647 451 2654 .
765 2643 770 2648 »

40 2671 73 2731 11.
93 2673 132 2734 R.
153 2671 316 2760 Distirrguo
330 2685 390 2734 ant
403 2673 612 2734 duramentum
622 2673 675 2734 soli
685 2673 753 2735 Deo
765 2674 944 2742 factumuon

15 2748 162 2814 debetesse
183 2753 228 2814 ¹de
251 2749 365 2822 meliori
388 2755 475 2824 bono,
498 2775 575 2834 nego
599 2765 660 2814 ant.
678 2755 880 2833 Juramentum
894 2756 945 2814 ho-

16 2829 67 2889 miui
79 2833 192 2894 factum
206 2851 265 2892 non
279 2829 371 2904 debet
378 2851 445 2893 esse
460 2834 497 2893 de
511 2833 723 2903 melioribono',
740 2833 946 2914 coucedopaut.

15 2911 107 2990 &nego
122 2911 384 2992 consequentiam}
405 2911 481 2972 ratio
505 2911 687 3006 disparitatis
710 2923 765 2986 est,
783 2911 863 3006 quod
885 2911 945 2974 tale

14 2987 192 3062 juramentum
211 3002 391 3070 ‘acceptetur
418 2994 455 3053 ab
477 2991 595 3052 homme
618 3003 757 3072 tanquam
783 2991 837 3052 srbi
852 2991 944 3052 utile:

16 3068 53 3127 ted
63 3083 162 3131 votum
176 3072 214 3132 de
229 3071 334 3131 minori
346 3073 424 3144 bouo
437 3091 496 3144 pon
510 3082 684 3150 acceptetur
698 3071 716 3130 d
730 3071 807 3131 Deo.

40 3147 90 3208 111.
110 3152 178 3218 Quo
193 3152 283 3212 seusu
297 3149 388 3211 debet
401 3169 467 3213 esse
482 3151 519 3211 de
530 3151 644 3212 meliori
657 3152 757 3220 bono?

43 3227 73 3288 R.
93 3229 162 3291 Hoc
187 3250 287 3300 sensu,
315 3229 397 3309 qudd
422 3242 506 3292 actus
533 3231 702 3308 promissus,
730 3228 792 3289 sive
822 3229 946 3291 materia

17 3308 134 3378 proxima,
160 3329 226 3389 quae
252 3309 443 3388 promittitur,
477 3311 585 3370 debeat
608 3310 804 3368 essebonum
831 3309 946 3379 melius,

18 3386 83 3460 qum
96 3390 161 3468 ejus
175 3389 353 3468 oppositum,
367 3387 430 3450 sive
444 3387 713 3458 contradictorium,
728 3406 783 3448 seu
796 3391 860 3468 ejus
874 3409 948 3468 pura

19 3469 130 3544 togatim
150 3467 181 3528 id
205 3479 261 3537 est,
284 3467 389 3528 melius
413 3467 453 3528 sit
476 3467 549 3537 iilud
570 3485 668 3546 agere,
683 3467 772 3560 quam
786 3487 844 3527 non
859 3487 947 3546 agera

19 3539 85 3606 ilud:
106 3547 131 3607 si
141 3559 242 3608 autem
257 3547 275 3608 ὲ
288 3558 392 3608 contra
405 3547 571 3628 oppositum
583 3547 622 3606 sit
634 3547 749 3618 melius,
766 3558 838 3607 tunc
847 3559 947 3607 votum

10 3619 43 3688 rie
59 3627 189 3706 opposito
204 3627 262 3687 erit
275 3626 414 3687 validum.

10 3689 12 3772 i
46 3705 133 3766 Actus
147 3727 207 3766 uon
221 3706 356 3768 excludit
369 3725 422 3786 per
436 3727 468 3768 ae
482 3705 540 3765 nisi
563 3725 649 3765 suum
668 3701 948 3774 contradictorium

21 3779 103 3844 sivero
117 3805 170 3864 per
183 3785 323 3847 accidens
345 3785 486 3856 excludat
507 3787 617 3856 bonum
635 3783 756 3862 aliquod
768 3781 882 3852 melius,
891 3780 947 3838 hoc
