2254 4072
129 115 188 171 426
548 135 656 178 tubex.

131 211 212 251 uuor.
555 196 560 214 ¹

125 274 184 330 273
205 270 365 350 Dispensat
380 274 409 332 in
424 276 491 354 lege
510 279 615 356 jejunii
632 277 712 354 Papa
731 295 784 354 pro
797 275 933 334 universa
951 271 1010 330 Ec-

245 352 342 424 clesia,
359 353 524 432 Episcopus
538 377 591 434 pro
606 355 666 414 suis
680 355 876 423 Dioeceaanis,
1028 353 1077 407 356

206 430 355 492 Parochus
369 451 408 492 ex
422 435 645 503 consuetudine,
659 453 718 492 non
728 433 800 492 verb
815 431 1010 497 Confesserii,
1029 431 1077 486 351
1099 420 1101 520 1

206 507 404 604 Dianensstus
417 511 448 570 in
470 533 529 574 uns
551 525 645 590 parte,
665 531 724 571 non
739 512 807 571 ideo
820 531 873 590 pro
888 512 1011 588 integro
1048 588 1053 600 Ι
1100 532 1102 644 i

207 590 802 749 6666666666816116631166216ρὲ6866ᾱί
825 633 1013 748 prescripsit
1047 590 1080 646 lb·
1102 644 1103 730 i

246 745 428 807 Benedictus
442 749 523 808 XIV.
545 751 681 809 Summus
695 749 844 819 Pontifex,
1031 747 1082 802 652
1103 758 1104 818 t

127 827 186 886 274
208 823 362 886 Utilitstes
372 829 488 906 jejunii,
1103 819 1104 834 ¹

127 904 185 960 275
208 902 276 962 Νοη
290 905 361 965 licet
375 907 446 966 dare
460 909 541 967 cibos
555 909 699 978 violaturo
708 907 864 986 jejunium,

208 981 365 1076 Caupones
390 985 493 1046 illicita
515 987 587 1045 dant
610 1005 714 1046 cemes
730 985 889 1045 Haereticis
904 985 933 1043 in
947 985 1012 1044 hac
1051 1061 1058 1074 ·
1105 984 1106 998 ¹

266 1073 348 1132 atris,
994 1079 999 1089 ·

207 1081 363 1219 Eribeptio,
386 1197 387 1204 ,
1078 1183 1108 1216 .1

126 1219 186 1274 276
209 1218 321 1277 Vitium
335 1221 411 1298 gulae
425 1223 582 1300 opponitur
592 1220 804 1300 temperantius,
1032 1221 1085 1275 355

207 1297 346 1376 Quinque
360 1301 438 1358 modi
453 1321 506 1361 seu
521 1301 635 1380 species
649 1302 734 1380 gulae,
1033 1301 1085 1354 356

206 1377 357 1441 Quantum
374 1391 530 1456 peccatum
544 1381 674 1458 sitgula,
1053 1378 1086 1434 lb·

255 1613 313 1674 DE
335 1615 603 1677 SOBRIETATE
625 1617 681 1677 ΕΤ
702 1615 956 1678 EBRIETATE.

128 1773 186 1830 277
210 1773 359 1835 Sobrietas
373 1776 543 1836 moderatur
556 1796 642 1836 usum
656 1777 743 1855 potira
758 1775 931 1845 inebriativi,
1055 1773 1091 1831 ib.

210 1851 347 1914 Ebrietas
362 1867 408 1914 eat
422 1867 579 1932 peccatum
593 1855 718 1915 mortale
732 1877 770 1916 ex
785 1875 895 1934 genere
910 1853 973 1922 suo,
1032 1853 1090 1908 357

209 1930 347 1992 Ebrietas
360 1933 491 2006 venialis,
508 1938 545 1995 ob
559 1935 655 1994 levem
670 1955 835 2004 excessum,
849 1934 897 1994 vel
910 1953 949 1994 ex
962 1931 1011 1990 in-

247 2007 469 2084 deliberatione,
1030 2011 1091 2067 358

128 2087 187 2144 278
210 2087 301 2165 Signa
314 2091 474 2161 ebrietatis,
1053 2088 1092 2146 ib.

209 2166 300 2244 Signa
313 2169 458 2246 ambigua,
1053 2167 1092 2225 ib.

128 2243 187 2300 279
209 2243 517 2308 Ebrietasnullocasu
531 2247 676 2316 estlicita,
1026 2247 1092 2302 359

128 2322 189 2379 286
209 2323 268 2390 Qui
286 2325 382 2384 influit
405 2327 435 2384 in
459 2327 633 2386 ebrietatem
658 2326 779 2386 alterius
803 2325 1009 2404 multipliciter

247 2415 361 2482 peccat,
967 2405 1093 2464 ,3.66

209 2483 344 2545 Qualiter
355 2503 506 2562 caupones
519 2485 592 2544 fiant
605 2484 657 2552 rei,
1049 2481 1093 2540 ib.

210 2561 269 2624 Qui
291 2561 405 2622 inducit
426 2574 575 2625 amentem
599 2564 647 2622 vel
669 2563 811 2624 infantem
828 2563 866 2622 ad
880 2561 1007 2625 ebriete-

248 2651 317 2709 tem,
332 2653 437 2718 peccat
451 2653 574 2720 peccato
588 2642 739 2701 ebrietatis
753 2643 782 2699 in
797 2643 897 2710 altero,
1027 2641 1088 2696 361

129 2717 186 2774 281
211 2719 364 2784 Quomodo
374 2721 449 2780 mala
458 2721 488 2779 in
497 2721 805 2782 ebrietatecommissa
815 2721 1007 2800 imputentur,
1028 2719 1092 2777 362

298 2957 354 3016 DE
378 2958 617 3018 CASTITATE
638 2959 692 3017 ET
713 2958 920 3018 LUXURIA.

131 3113 190 3172 282
211 3114 339 3174 castitas
352 3116 523 3176 moderatur
539 3137 622 3174 usum
636 3135 839 3184 venetensem,
1028 3116 1088 3172 363

210 3192 266 3251 Est
280 3193 407 3271 triplex:
422 3195 579 3273 virginalis,
594 3195 727 3265 vidualis,
742 3201 766 3252 a
781 3193 951 3272 conjugalis,
1047 3192 1086 3252 ib.

209 3271 370 3349 Virginitas
386 3275 532 3351 quomodo
545 3273 706 3344 emittatur,
1028 3273 1088 3329 364

130 3350 190 3406 283
210 3345 344 3410 Luxuria
358 3364 405 3411 est
419 3352 602 3412 inordinatus
616 3353 765 3444 appetitus
779 3371 981 3422 venereorum,
1029 3352 1087 3407 365

210 3427 283 3504 Ejus
297 3441 365 3488 octo
379 3444 588 3490 enumerantur
601 3432 677 3500 filrae,
1048 3429 1086 3487 rb.

207 3504 384 3566 Prohibetur
395 3511 462 3586 jure
476 3509 575 3567 divino
589 3521 675 3568 extra
688 3509 918 3576 matrimonium,
1048 3507 1087 3565 ib.

127 3581 186 3638 284
207 3581 274 3640 Non
299 3584 387 3642 datur
402 3587 431 3642 in
446 3605 481 3644 ea
495 3587 625 3666 parvitas
648 3587 781 3648 materioe
803 3597 889 3644 extra
908 3586 1008 3644 matri·

203 3699 206 3706 .
245 3660 385 3730 monium,
1029 3665 1086 3720 366

206 3739 360 3800 Quomodo
375 3743 525 3816 conjugati
540 3754 667 3819 peccent
681 3763 734 3820 per
748 3741 906 3810 luxuriam,
1030 3743 1086 3802 367
