2244 4082
403 125 613 170 nrrsruoma
650 117 654 124 ’
921 111 979 168 267

75 268 97 330 1.
111 264 216 331 Valida
227 276 276 330 est
288 265 408 348 collatio
411 267 481 329 :sire
494 267 708 330 administratis
722 266 881 330 simoniada
894 265 981 328 Ordi-

40 350 79 410 nis
91 351 116 406 tr
128 345 251 407 aliorum
263 345 529 418 Sacramentum,
543 347 570 420 si
582 347 695 427 reliqua
705 347 862 410 essentalia
873 346 981 417 adsint,

40 428 99 508 quia
113 425 249 488 Christus
263 425 464 508 principaliter
479 437 618 507 operatur
632 424 780 488 effectum.

76 505 179 568 Valida
192 505 282 566 etiarn
295 516 342 566 est
355 506 520 588 simoniaca
538 507 681 588 professio
702 507 859 587 religiosas
878 525 982 588 accep·
1038 503 1042 514 ¹

40 599 112 650 tatur
125 585 204 650 enim
220 587 257 646 ab
270 585 421 662 Ecclesia,
450 637 452 644 .
551 595 555 603 ’
577 599 595 647 .“
636 599 670 606 ··
696 594 700 604 “
729 592 747 602 “’
795 595 798 602 ’

74 667 150 725 Item
164 665 261 724 valida
274 676 322 726 est
334 665 493 726 simoniaca
506 665 617 745 emptio
631 665 731 726 calicis
744 665 793 726 vel
806 666 927 732 alterius
941 665 985 726 rei

39 745 201 808 benedicta
211 745 436 807 antecedenter
448 745 740 825 adnexaaspirituall,
754 747 842 806 modo
856 745 984 825 pretium

41 824 217 886 diminuatur
229 824 269 884 ad
281 824 409 888 valorem
423 825 466 886 rei
480 825 650 892 abstractim
661 823 680 884 ri
690 825 907 886 benedictione.

74 905 112 962 ΙΙ.
127 903 260 974 Invalida
273 914 319 984 est
327 904 460 984 provisio¹
469 908 495 962 81
508 903 812 985 acquisitiohlrenefioii
824 904 988 965 Ecclesias-

39 985 87 1045 tici
100 981 318 1062 interveniente
332 977 459 1056 simonia*
468 985 540 1044 reali
554 981 601 1058 vel
615 983 814 1059 confidentiali
825 987 913 1064 juxta
923 1004 988 1044 nor-
1010 1049 1013 1054 ,

38 1083 111 1122 mam
123 1051 249 1122 numero
263 1063 443 1142 praecedenti
458 1063 496 1125 eir
517 1061 645 1132 licitam3
664 1063 758 1143 ¹idque
773 1079 812 1124 ex
830 1067 898 1165 p'ure
912 1063 989 1144 posi-

38 1145 94 1204 tivo
117 1137 330 1202 Ecclesiastico
353 1139 391 1202 ἐκ
406 1160 473 1202 rav..
507 1185 522 1220 .,
540 1142 832 1203 “cumdetestabile’
865 1141 902 1203 de
919 1141 988 1202 Sim.

38 1225 106 1282 item
121 1221 250 1315 invalida
263 1233 310 1314 est
323 1219 483 1315 apqu'isitio'
497 1211 588 1302 pretii
601 1219 760 1293 simoniaci,
786 1223 823 1292 de
838 1211 896 1310 quo
911 1243 990 1294 num.

38 1323 67 1362 se
89 1314 183 1361 uenti.
439 1313 443 1322 ⁴
483 1311 487 1322 “
580 1349 584 1356 .
973 1305 979 1318 ’

70 1321 131 1440 lu.
144 1381 198 1459 ¹An
212 1379 301 1460 etiam
311 1372 563 1462 jure'naturalid'
572 1369 670 1449 divino
680 1365 992 1460 e'rssrsrriodisimoniacsa

38 1459 166 1600 provispio
178 1461 239 1520 sive
260 1459 376 1521 collatio
390 1465 416 1520 dr
429 1461 595 1546 acceptatio
608 1402 746 1533 benedcii
759 1473 806 1530 est
819 1457 992 1528 invalida&

36 1552 118 1600 rrrrta
289 1589 292 1598 .
363 1555 367 1564 ’
402 1559 405 1564 ·
575 1553 578 1562 ’

74 1610 167 1678 6.·’Ϊ6
181 1611 428 1680 controvertitur:
482 1635 485 1642 ·
522 1619 525 1640 ²
663 1681 665 1688 ,
1075 1689 1079 1698 f

75 1699 132 1758 tv.
150 1699 258 1760 Suarez
268 1699 310 1774 'de
324 1697 397 1780 Sim.
411 1718 436 1760 c.
450 1703 498 1760 57.
512 1721 541 1760 n.
552 1701 602 1780 ll.
616 1699 756 1783 Wiggers
770 1697 877 1779 aliique
892 1699 993 1760 defen·

37 1778 111 1837 dunt
124 1797 186 1840 non
204 1777 446 1842 ‘es'seinvalidam
460 1783 528 1860 jure
542 1779 670 1854 naturali
681 1781 728 1840 vel
743 1781 851 1850 divino,
874 1779 942 1859 quia
963 1779 994 1842 in

37 1859 189 1919 Collator'e
202 1870 249 1918 est
262 1863 430 1938 potestas&
443 1860 576 1920 voluntas
590 1859 761 1936 conferendi
772 1859 878 1930 valide,
893 1879 994 1938 quam-

37 1937 79 1996 vis
90 1937 215 1998 illicitus
229 1937 333 1997 modus
345 1951 516 1999 concurrat:
531 1939 619 2004 sicuti
632 1950 768 2012 mutuum
777 1941 831 1999 sub
846 1959 934 1998 usura
946 1958 995 1998 va-

36 2014 95 2077 lide
111 2017 201 2076 datur
218 2022 244 2076 ἃ
253 2017 416 2098 accipitur;
430 2019 517 2096 sicuti
527 2017 616 2078 etiam
628 2018 786 2078 simoniaca
796 2017 938 2078 Beneficii
949 2037 996 2078 ac·

36 2097 160 2176 quisitio
174 2097 270 2157 valida
280 2108 335 2176 est,
345 2099 414 2178 jure
428 2110 548 2170 naturae,
565 2099 614 2170 ulii
628 2097 720 2173 datu
728 2098 855 2177 pecunia
868 2099 907 2158 ad
919 2095 996 2158 redi-

37 2177 180 2236 mendam
194 2177 332 2256 injustam
344 2197 461 2244 vexam.
653 2243 657 2254 p

76 2257 148 2316 Nec
159 2257 265 2328 obstat,
280 2255 361 2335 quiid
370 2255 624 2336 emptiovenditio
639 2257 798 2318 simoniaca
808 2257 847 2316 sit
856 2254 992 2325 invalida,

34 2336 105 2416 quia
122 2337 253 2402 Collator
262 2339 419 2396 observans
428 2337 550 2410 formam
562 2337 714 2412 Ecclesiae,
730 2347 868 2398 censetur
880 2335 997 2396 nomine

37 2415 188 2476 Ecclesiae
201 2415 360 2475 contulisse
373 2415 479 2476 valide.

74 2495 115 2552 V.
133 2495 250 2574 Sylvius
263 2498 291 2554 2.
302 2497 331 2552 2.
339 2507 442 2578 quaest
455 2498 523 2553 100.
538 2505 593 2555 art.
606 2497 635 2554 6.
649 2499 675 2553 a
689 2495 835 2564 Daelman
850 2493 997 2554 sustinent

34 2594 102 2634 esse
118 2573 277 2634 invalidam
287 2579 355 2654 jure
369 2586 493 2658 naturae,
505 2580 531 2633 n
543 2575 643 2648 favere
658 2575 713 2634 sibi
727 2586 834 2662 putant
849 2574 879 2633 S.
894 2573 950 2632 Th.
970 2575 999 2640 2.

32 2658 61 2712 2.
77 2665 186 2733 quaest
202 2656 267 2712 loo.
281 2665 335 2730 art,
349 2657 377 2714 6.
390 2659 416 2712 dt
431 2674 459 2734 q.
472 2655 556 2730 329.
570 2657 635 2712 Z&
649 2673 676 2734 q.
691 2655 739 2712 62.
753 2674 779 2714 a
793 2656 822 2712 5.
836 2653 874 2713 ad
887 2655 916 2712 2.
931 2652 1000 2731 quia

35 2731 228 2794 Beneficium
242 2731 332 2792 debet
346 2731 410 2793 dari
425 2734 520 2810 pratis
529 2757 542 2804 ,-
567 2751 654 2812 quarn
674 2733 875 2794 conditionem
898 2733 1002 2794 dicum

35 2833 106 2872 esse
124 2813 356 2890 substantialem,
380 2813 422 2873 ita
435 2823 469 2872 ut
482 2823 613 2892 potestas
627 2813 667 2872 sit
679 2813 818 2874 restricta
831 2811 869 2872 ad
880 2815 998 2890 matis,-

32 2893 109 2952 hinc
126 2891 307 2971 respondent
320 2891 358 2952 ad
375 2891 568 2954 fundamenta
580 2891 685 3030 prioris
699 2892 852 2971 opinionis,
867 2893 1003 2970 negando

34 2973 65 3029 in
83 2971 239 3032 Collatore
253 2983 431 3050 potestatem
446 2971 535 3030 dandi
548 2971 587 3031 ali
603 2992 634 3031 er
648 2972 825 3052 quamquam
843 2975 938 3047 qratia
946 2996 959 3042 ,-
976 2972 1001 3031 si

32 3062 148 3114 autern
155 3050 464 3130 acquisitioBenelicii,
476 3051 527 3112 ubi
536 3051 687 3114 concurrit
696 3050 825 3120 simonia,
837 3050 1004 3111 declaretur

32 3131 205 3208 aliquando
211 3131 315 3200 valida,
328 3131 361 3193 id
370 3130 524 3210 provenire
535 3150 574 3190 ex
588 3141 640 3207 ao„
648 3129 728 3210 quiid
739 3130 876 3192 Ecclesia
886 3130 1004 3209 dispen-

33 3211 141 3269 sative
192 3230 209 3270 o
224 3229 361 3289 supremo
375 3214 428 3269 ‘suo
437 3213 505 3288 jure
520 3209 671 3270 defectum
686 3210 832 3289 suppleat.

73 3289 138 3348 vl.
181 3289 271 3354 abac
285 3290 454 3369 opinionum
468 3289 656 3368 oppositione
664 3289 855 3367 consequitur
866 3289 1005 3352 natabilis

32 3370 64 3432 in
81 3368 175 3448 pruni
188 3367 367 3440 differentia
378 3367 516 3430 nimirum
531 3368 714 3428 Beneficium
728 3370 885 3428 obtentum
898 3389 952 3447 per
966 3369 1005 3428 si-

30 3449 174 3512 moniam
184 3449 343 3514 mentalem
347 3453 437 3528 juxta
444 3448 573 3527 priorem
584 3447 751 3532 opinionem
762 3467 820 3506 non
830 3467 895 3507 esse
907 3448 1005 3508 diruit·

33 3528 190 3596 tendum-3
203 3529 283 3606 quod
297 3541 401 3592 tamen·
414 3529 507 3605 juxta.
516 3527 709 3604 posteriorem
724 3526 892 3606 opinionem
907 3528 1006 3586 dimit·

35 3607 172 3670 tendum
183 3618 230 3668 est
240 3627 279 3668 ex
286 3610 354 3686 J'ure
367 3607 494 3666 naturali
500 3606 607 3676 divino,
619 3617 759 3686 tanquam
769 3606 896 3666 invalide
907 3607 1007 3685 acqui-

32 3689 156 3752 situmr
169 3687 384 3766 mitigationem
399 3685 517 3746 interim
531 3685 659 3764 aliquam
673 3686 705 3747 hi
719 3686 888 3757 admittunt,
903 3685 1005 3745 videli-

33 3778 100 3836 cet,
119 3766 147 3827 si
161 3765 275 3828 animus
289 3765 465 3826 simoniacus
480 3765 674 3844 abjiciatur&
688 3777 831 3846 mutetur,
853 3765 1007 3848 acquisiti·

520 3863 537 3902 z
