2236 4084
273 1065 735 1170 APPROBATIO.

368 1370 374 1380 '
435 1367 564 1404 *οε

68 1545 150 1605 JAM
163 1545 261 1606 ferme
276 1545 294 1606 i
307 1547 415 1608 saeculo
424 1547 455 1608 in
464 1547 563 1608 lucem
572 1546 683 1626 prodiit
705 1553 722 1584 “
732 1545 845 1607 Theolo
866 1547 874 1562 ’
893 1547 908 1571 ”

38 1625 173 1719 tissimum
195 1625 364 1686 “Morunda’'
383 1647 419 1688 ac
439 1627 604 1730 “Pnactica
627 1627 665 1687 ad
684 1637 815 1689 mentem
866 1627 895 1686 S.
910 1629 974 1687 Au·

36 1703 974 1865 suotmurnuusrsrununras:

35 1862 109 1922 SEN.
150 1861 252 1929 Qudm
264 1864 345 1925 felici
363 1885 503 1926 successu
528 1877 657 1945 excepta
672 1863 772 1936 fuerit,
787 1864 889 1924 testati
903 1877 974 1924 aunt

34 1941 167 2022 Theologi
181 1961 295 2015 omnes,
309 1943 360 2024 qui
383 1963 447 2005 cam
472 1945 703 2024 persolveruntc
723 1954 874 2022 testantur
884 1941 973 2004 reite·

34 2032 94 2081 nte
134 2021 285 2084 editiones
337 2023 567 2106 quamplurimis,
614 2021 794 2094 Mechliniae,
840 2021 972 2094 Losanii,

33 2101 180 2170 Bruxellis,
200 2101 316 2174 Leodii,
339 2123 375 2164 ac
395 2115 544 2184 postremo
570 2101 764 2182 Antuerpiae;
785 2111 933 2162 testantur
945 2107 972 2162 ἀ

33 2181 134 2240 fructus
149 2182 303 2251 uberrimi,
347 2201 401 2258 uos
427 2182 506 2243 idem
530 2183 646 2242 Auctor
659 2179 785 2243 LAUR.
797 2181 971 2252 NEESEN,

32 2259 244 2340 Archi-Episco
265 2261 318 2321 alis
327 2201 486 2322 dominaris
499 2281 553 2342 per
566 2281 658 2322 annos
680 2263 720 2320 40
733 2261 848 2320 Praeaes
862 2259 892 2320 di
933 2261 972 2320 is·

31 2339 118 2410 sinus,
133 2345 161 2399 ἃ
176 2339 210 2398 in
252 2341 360 2402 eclesia
376 2341 610 2420 Metropolitum
628 2340 795 2402 Canonicus
808 2339 892 2400 Theo
903 2359 971 2418 oge-

29 2419 66 2487 iia‚
82 2419 163 2480 inter
188 2419 336 2480 Alumnos
358 2441 427 2482 suos
440 2432 579 2500 operatus
592 2431 657 2489 est;
677 2419 728 2499 qui
741 2419 849 2497 passim
860 2439 970 2490 omnes,

30 2499 194 2580 'Iiieologiae
219 2499 307 2578 hujus
329 2499 508 2562 adminiculo
530 2499 569 2561 ad
582 2519 683 2560 curam
696 2498 872 2578 pastoralem
887 2497 971 2559 effor-

29 2577 252 2718 ῧιαῗᾞῦωςὴή
273 2577 345 2638 facti
367 2574 494 2717 ευιιίῃίιιΙ
516 2579 603 2674 tinea
624 2578 745 2638 Domini
769 2575 914 2658 operarii,
935 2597 971 2641 ac

52 2677 109 2716 err
155 2677 188 2718 cr
221 2677 352 2718 ruccones
364 2679 400 2719 ne
411 2677 546 2719 osiacum.

61 2737 148 2798 Porro
162 2677 240 2796 inde
261 2737 471 2817 “'i'heologin''
492 2739 617 2798 deerant
634 2747 734 2820 partes
761 2737 881 2816 aliquot,
906 2736 969 2798 sive

27 2813 190 2886 'frustatus
208 2837 283 2896 quos
296 2818 409 2878 Praeses
422 2817 649 2900 laudatissimus,
664 2835 740 2877 anno
766 2818 842 2874 1679
856 2817 874 2876 e
893 2816 970 2876 vivia

29 2895 160 2966 sublatus,
173 2894 307 2955 ineditos
319 2897 372 2957 reli
395 2908 497 2958 uerat:
518 2909 608 2976 atquc
622 2895 764 2974 imprimis
785 2895 969 2955 “Tractatua

30 2974 59 3033 de
70 2975 141 3036 Jure
155 2981 185 3034 ἃ
196 2975 345 3036 „iustitis”
375 2918 467 3037 dunc
477 2988 577 3036 autem
591 2975 620 3034 in
634 2975 759 3053 gratiam
773 2975 969 3034 Alumnortun

30 3056 150 3132 ejusdem
163 3055 324 3115 Seminarii
338 3055 433 3116 edidit
458 3057 512 3116 Vir
535 3055 620 3135 atque
638 3054 831 3124 venerandus,
845 3073 902 3114 nec
915 3055 969 3112 mi·

31 3135 95 3192 noris
120 3133 305 3194 eruditionis
326 3135 575 3196 ProfessorRev.
597 3133 674 3194 adm·
696 3134 735 3194 D.
750 3132 968 3199 PHILIPPUS

30 3213 264 3285 BERTRAND,
295 3213 454 3275 Successor
476 3213 656 3274 NEESENI
678 3213 708 3272 in
732 3211 915 3272 canonicatu
943 3219 969 3270 u

32 3293 183 3354 Pmbenda
207 3293 390 3372 fl'iieologaii,
416 3313 452 3354 ac
478 3293 665 3373 postmodum
692 3291 786 3354 etiam
807 3293 918 3353 Cantor
937 3291 968 3352 in

30 3370 152 3433 Ecclesia
165 3373 410 3452 Metropolitana

58 3447 437 3513 uuuomnussd'Cursus
463 3451 551 3532 hujus
578 3451 690 3512 Theolo
712 3451 749 3512 'ci
773 3451 969 3529 complemen-

32 3541 89 3602 tum,
115 3531 347 3592 desiderabatur
370 3532 468 3592 adhuc
481 3531 554 3592 Pars
567 3532 665 3611 aliqua
677 3551 694 3591 e
706 3530 860 3600 ucidanda,
874 3549 969 3623 eaque
1003 3607 1014 3614 ,Ἴ
1081 3563 1084 3570 .

30 3630 75 3668 non
84 3611 208 3671 infimas
228 3610 367 3670 nimirum
388 3619 405 3649 ‘⁶
419 3611 578 3682 Tractatus
595 3611 633 3670 de
646 3610 766 3670 Virtute
780 3608 968 3687 Religionis,”

32 3689 137 3770 diisque
152 3690 292 3762 annexis,
311 3711 368 3751 nec
391 3711 451 3751 non
472 3690 510 3750 de
523 3689 612 3750 Vitiis
635 3690 663 3750 ei
687 3689 836 3768 oppositis.
876 3688 968 3748 Hunc

32 3787 107 3845 porro,
122 3789 221 3850 quem
235 3769 317 3849 prius
331 3769 507 3850 infatigabili
534 3769 598 3829 zelo
617 3789 652 3830 ac
665 3769 766 3829 labore
780 3779 965 3844 conceperat,

33 3859 81 3910 tun
93 3851 162 3912 vivis
177 3870 255 3912 voce
275 3862 339 3914 tum
363 3849 476 3914 calamo
496 3848 676 3931 explanaret,
705 3867 763 3927 quo
776 3846 864 3908 altius
878 3845 965 3921 hujus
