2254 4072
296 105 355 161 ,oa
375 105 547 151 sancimus
567 105 730 160 iuxuuim.
940 89 1000 148 8⁷5

82 245 124 306 R.
145 245 316 328 Negatis.
339 246 470 328 quiaest
492 246 597 308 similis
617 246 779 385 propositio
802 247 941 316 domnam
963 249 1000 307 ab

37 325 148 388 Innoc.
170 325 223 386 Xl.
245 326 395 386 Num.50.
416 327 458 388 Et
471 327 665 406 Apostoliua
700 327 786 388 Rom.
806 331 835 386 7.
855 345 882 406 v.
907 328 937 386 3.
950 345 1001 406 ge·

38 413 172 466 neratlni
186 405 259 466 dicit
273 406 311 466 de
324 405 466 466 muliere:
482 415 500 443 ‘⁴
518 405 637 468 vivente
655 399 718 484 uiro
738 406 891 468 vocabitur
919 405 1001 468 adul·

39 495 120 554 tera,
135 486 159 546 ti
173 487 265 547 fuerit
275 506 348 546 cum
361 485 419 546 alio
432 485 505 546 viro.
519 483 535 508 '’

38 642 47 654 ι
74 564 243 668 .v¹.¹·„⁰bl·
257 563 467 646 AxiomaJuris
477 565 585 650 habet:
600 563 733 626 “scienti
746 569 772 622 a
786 563 896 626 volenti
905 561 1004 646 nonfit

37 662 227 793 milit-milti&
240 724 347 788 debet:
362 687 455 800 &iun
464 723 525 803 juri
539 723 648 784 cedere
660 693 789 816 volenth
806 723 937 816 maritus·
947 743 997 784 au·

38 813 105 860 teni
120 823 182 864 uec
192 815 291 882 potest
303 823 360 869 nec
374 803 574 875 valetcedere
591 823 645 866 suo
658 804 719 882 Juri
738 815 858 884 propter
877 800 1000 866 indisso·

37 881 222 954 labilitatem
234 883 423 943 matriruonii.
865 911 887 948 μ

83 961 171 1022 viii
193 963 222 1024 S.
244 950 502 1042 nugus'iinus'non
516 955 642 1023 excusat
654 961 766 1024 factum
780 951 926 1028 fumosum
937 981 1000 1022 mu-

41 1039 355 1114 lieris-Antiocheno}
381 1043 418 1105 ab
444 1041 599 1112 adulterio,
622 1041 677 1102 sed
697 1039 839 1102 malitiam
860 1053 1005 1102 extenuat

40 1123 292 1257 ppopteribonum
312 1121 444 1184 mulieris
463 1121 554 1181 linem
568 1119 713 1182 liberandi
736 1121 832 1180 virum
846 1121 1004 1200 captivum.

69 1199 126 1297 ide
140 1201 288 1264 Daelmau
302 1213 406 1280 quoest.
416 1203 448 1260 3.
463 1201 525 1262 obs.
542 1203 567 1260 l.
581 1205 608 1260 ti
621 1220 651 1280 q.
663 1205 693 1260 4.
707 1203 767 1260 obs
781 1201 826 1260 19.

308 1437 347 1498 N.
366 1439 437 1518 290.
468 1435 535 1498 ,DE
554 1387 747 1502 INCESTU.

248 1597 284 1660 S.
303 1597 402 1659 stom.
422 1599 451 1658 2.
464 1600 492 1658 ἒ.
506 1545 606 1678 quast.
631 1547 697 1658 lit.
709 1591 765 1695 uri.
779 1599 809 1656 9.
928 1554 943 1680 l,

43 1757 70 1816 1.
93 1755 246 1836 Definitio.
286 1757 326 1818 ll.
352 1753 475 1827 Malitia
497 1755 614 1834 duplae.
664 1753 722 1816 111.
748 1746 1006 1834 Proqtinqutaia

19 1889 22 1894 .
107 1835 225 1913 liuauds
240 1838 352 1913 aradus
364 1839 469 1916 erponi
482 1835 589 1899 debent.
629 1833 683 1894 IV.
697 1833 890 1896 Reducuntur
909 1835 951 1894 ad
961 1835 1007 1896 iu·

106 1925 221 1976 deam
263 1915 299 1976 V.
312 1915 469 1976 Peccatum
487 1915 551 1976 Con
563 1917 742 1974 emorituram
755 1913 923 1978 Poenitmte.
951 1911 1006 1974 VI.

107 1991 266 2056 Peccatum
285 1995 421 2055 Pastoris
434 2015 499 2055 cum
544 1993 720 2054 arochionu.
760 1991 831 2054 VII.
853 1992 947 2054 Actius
959 2014 1005 2053 uc·

109 2078 189 2138 littei
202 2075 278 2136 inter
282 2077 488 2155 proquinquos,
500 2075 625 2154 mmm
637 2093 730 2134 staua

91 2231 200 2300 QUID
214 2245 261 2310 est
274 2233 430 2310 incestus?
458 2281 460 2286 -

90 2313 116 2372 1.
126 2313 164 2372 R.
179 2313 234 2372 Est
247 2313 352 2392 copula
362 2311 486 2373 carnalis
497 2309 803 2374 extramutrimonialis
817 2311 918 2372 habita
928 2313 1006 2372 inter

49 2393 285 2471 consanguineos
298 2393 346 2453 vel
358 2393 459 2468 affines
472 2393 550 2454 iutra
598 2393 671 2452 adus
685 2390 856 2469 prohibitos.

92 2473 134 2541 11.
147 2473 286 2544 Incestus
294 2472 384 2551 igitur
398 2471 559 2534 contincta
593 2471 689 2530 minus
704 2469 853 2563 duplicem
863 2471 1004 2532 malitiam

51 2552 218 2622 mortalem,
243 2572 331 2612 unam
343 2551 545 2612 fornicationis
559 2563 662 2612 contra
683 2561 860 2620 castitatem,
885 2549 1008 2610 alteram

51 2643 158 2694 contra
179 2631 318 2692 virtutem
332 2631 461 2709 pietatis,
483 2629 546 2708 sive
559 2629 812 2708 honorificentiam
833 2635 859 2688 dr
872 2650 1008 2690 reveren-

54 2713 127 2772 tiam
150 2711 280 2772 debitam
307 2709 531 2790 consanguineis
553 2715 578 2790 di
599 2709 742 2779 affinibus,
766 2709 814 2770 cui
837 2709 1009 2770 adversatur

54 2791 208 2868 turpitudo
222 2810 357 2860 venerea,
372 2790 479 2869 partim
493 2809 532 2849 ex
542 2793 611 2868 jure
624 2801 746 2857 nutura,
770 2789 878 2869 partim
892 2791 928 2852 ob
943 2810 1009 2869 pro-

55 2871 230 2930 hibitionem
244 2869 396 2932 Ecclesiae.
607 2939 610 2946 Ι
663 2899 665 2904 ·

95 2948 277 3015 inunum
291 2969 392 3012 omnes
406 2949 537 3009 incestus
551 2947 611 3008 sint
630 2947 761 3028 ejusdem
775 2947 895 3028 speciei,
911 2947 1010 3027 dispu-

57 3028 163 3088 tationi
176 3028 368 3106 relinquitur:
394 3039 509 3090 certum
523 3039 579 3097 est,
601 3029 682 3107 quod
695 3028 826 3087 incestus
849 3027 926 3087 inter
941 3049 1010 3088 con·

56 3107 233 3186 sanguineos
248 3107 287 3167 sit
299 3107 528 3186 gravium-quim
542 3107 620 3168 inter
633 3107 733 3168 affines
747 3107 862 3168 caeteris
876 3107 1012 3186 paribus;

56 3187 131 3246 item
144 3186 174 3246 in
188 3187 268 3248 linea
281 3199 363 3252 recta
377 3187 464 3268 quam
479 3187 509 3246 in
522 3185 637 3246 laterali
648 3211 656 3256 ;
669 3185 741 3246 item
752 3185 832 3266 qudd
840 3186 970 3246 incestus
982 3187 1012 3244 in

57 3266 153 3344 gradu
166 3267 260 3346 magis
274 3265 459 3346 proquinquo
473 3267 513 3326 sit
526 3265 656 3326 deterior
667 3289 674 3334 ;
688 3265 730 3326 itu
743 3277 777 3326 ut
790 3265 820 3324 in
829 3265 1012 3328 confessione

58 3345 222 3406 distinctim
255 3345 466 3424 exprimendus
500 3345 541 3406 sit
571 3343 680 3424 gradus
710 3345 815 3406 saltem
842 3345 952 3424 primus
987 3350 1013 3403 tr
1114 3357 1115 3360 ’

58 3426 219 3564 seclippdpsi
239 3505 385 3565 incestum
399 3503 551 3566 reducitur
564 3501 671 3583 copula
684 3503 762 3564 inter
775 3523 922 3584 personas,
937 3503 1015 3564 inter

62 3603 134 3661 quas
148 3585 248 3646 obstat
256 3585 498 3677 impedimentum
510 3583 636 3664 publicoe
649 3583 822 3658 honestatis,
834 3583 880 3646 vel
891 3583 1014 3661 impedi·

62 3675 195 3724 mentum
209 3663 392 3744 cognationis
406 3661 566 3801 spirituzlis
580 3675 632 3730 aut
645 3663 757 3742 legalis.

556 3761 567 3800 i
