2230 4094
165 177 221 238 108
556 185 599 232 br
618 185 711 232 voro.
752 265 755 280 Ι

163 433 202 494 u.
216 429 265 494 ss.
286 431 344 492 ns
366 429 481 494 voro
501 429 688 496 1un1crro
709 427 766 492 nr
788 429 919 493 untur
941 410 1107 494 venno]

162 611 186 672 1.
214 609 654 684 Votumillieitumtroub'dost
695 609 1107 686 annumerarent

229 688 570 765 Votomnorrtrohspm.
610 687 663 748 1v.
691 689 1107 769 Votrinoontropriuuoottm

222 770 258 830 V.
286 767 896 846 Voeonmrapmoepmsopnom
938 769 1108 834 VLVottm

215 847 610 988 mummolam
650 847 1108 910 vuummdusomn

221 950 253 989 m

163 1108 226 1246 rdI.
248 1107 308 1247 {N
322 1117 422 1166 votum
435 1104 554 1184 aliquod
567 1116 665 1184 potest
678 1123 744 1166 esse
755 1104 901 1166 illicitum
924 1111 950 1166 δι
963 1105 1054 1166 simul
1067 1125 1108 1164 vs·

175 1208 184 1245 ι
206 1207 256 1248 um
294 1233 298 1242 .

203 1265 241 1326 R.
262 1264 463 1324 Afflrmsttvte
483 1263 540 1324 hoo
553 1263 661 1356 nempe
674 1281 771 1334 sensu,
783 1264 865 1344 qubd
876 1264 940 1343 ipse
952 1277 1042 1325 actus
1056 1266 1109 1324 voti

163 1347 218 1405 sub
231 1344 436 1406 certerstione
450 1343 489 1404 sit
502 1343 605 1412 maius,
619 1353 662 1403 rtu
675 1353 774 1402 tomen
788 1355 822 1403 ut
835 1363 873 1403 ex
897 1355 983 1422 purte
1007 1343 1109 1423 objecti

164 1443 218 1484 seu
231 1425 316 1485 setus
329 1422 464 1502 promissi
477 1423 518 1482 sit
526 1421 624 1482 iioitrrs
637 1427 663 1480 u
676 1422 715 1482 de
738 1421 852 1482 meliori
864 1425 959 1491 bono;
980 1423 1054 1484 hinc
1068 1423 1109 1502 qui

164 1504 203 1563 im
240 1504 366 1564 udenter
386 1507 412 1562 b
436 1499 601 1562 inconsulto
622 1512 711 1564 vovet
720 1569 723 1584 ι
733 1501 911 1574 entitatem,
933 1501 1042 1564 illicite
1065 1501 1109 1562 sed

165 1603 180 1642 v
212 1583 260 1644 ide
274 1595 370 1644 vovet

203 1663 244 1723 11.
264 1665 307 1722 2⁰.
328 1659 512 1740 Responderi
525 1671 626 1740 posset
639 1661 694 1722 sub
713 1661 771 1719 hec
783 1659 972 1720 distinctione
987 1679 1044 1740 per
1057 1681 1110 1720 mo

162 1742 235 1802 dum
252 1741 378 1820 regulet
399 1740 424 1800 si
437 1751 522 1800 sotus
536 1739 695 1818 promissus
708 1739 771 1800 sive
784 1737 907 1798 muteris
923 1740 986 1798 voti
1001 1739 1043 1799 sit
1063 1740 1110 1798 iili·

161 1821 234 1891 cito,
249 1821 372 1882 aliterve
385 1819 509 1880 muteris
530 1819 631 1897 inepte
642 1819 713 1888 voti,
727 1829 827 1878 votum
842 1837 957 1896 semper
970 1829 1021 1878 est
1036 1819 1110 1878 inva-

164 1900 257 1960 lidum
271 1905 297 1960 u
312 1899 466 1968 illicitumr
485 1899 511 1958 si
531 1909 631 1958 sutem
654 1917 702 1958 res
715 1897 777 1958 sive
791 1909 875 1958 sotus
889 1897 1052 1990 promissus
1066 1916 1110 1957 seu

160 1991 247 2040 ectus
261 1978 445 2040 executionis
458 1978 519 2038 voti
532 1977 573 2038 sit
584 1977 682 2038 licitus
696 1981 722 2036 tr
735 1977 773 2037 de
785 1977 899 2038 meliori
912 1978 1000 2047 bono,
1015 1989 1110 2057 potest

164 2069 265 2118 votum
280 2077 345 2119 esse
359 2057 497 2126 validm,
516 2056 649 2136 quumvis
671 2066 772 2116 votum
795 2055 858 2116 sive
880 2067 965 2116 setus
978 2057 1111 2130 voventis

162 2135 240 2197 forte
266 2137 306 2197 sit
331 2137 438 2197 mulus:
467 2136 630 2215 quiaillud
653 2148 752 2197 votum
774 2135 938 2196 secundum
960 2137 1111 2216 objectum

162 2235 247 2275 suurn
257 2237 317 2356 pepp
329 2228 428 2278 sctum
444 2215 627 2297 promissum,
647 2227 693 2278 est
703 2227 818 2296 gratum
833 2214 900 2278 Deo
914 2220 939 2277 ir
952 2215 996 2280 ita
1008 2235 1111 2298 accep

161 2305 244 2355 tatur
318 2315 364 2356 eu.

203 2375 259 2434 111.
281 2375 328 2436 Ex
341 2375 387 2434 his
401 2375 545 2436 conclude
559 2373 722 2452 invalidum
733 2393 798 2435 esse
812 2374 959 2438 votum-de
972 2385 1056 2446 actu,
1067 2375 1111 2452 qui

163 2465 210 2514 est
221 2467 323 2516 contra
336 2465 517 2546 praeceptum
529 2455 578 2527 yei
592 2455 688 2532 legem
702 2455 889 2538 obliguutsrn.

202 2533 255 2592 1v.
277 2533 417 2598 Sirnrliter
432 2533 591 2594 invalidum
605 2551 671 2593 esse
685 2544 785 2592 votum
813 2533 967 2614 posterius,
983 2533 1068 2614 quod
1089 2533 1111 2590 in

164 2613 267 2673 eodem
281 2613 404 2674 materia
413 2612 448 2674 fit
461 2625 565 2674 contra
574 2623 674 2672 votum
688 2611 816 2674 veiidum
829 2611 968 2682 anterius,
982 2611 1032 2676 vel
1048 2631 1111 2674 con·

163 2703 209 2752 tro
231 2689 401 2770 praeoedens
424 2695 625 2770 juramentum
661 2701 713 2750 sut
748 2689 978 2784 promissionem,
1002 2691 1111 2752 aliusve

162 2771 355 2848 obligationes
369 2790 453 2831 verus
468 2775 494 2828 u
508 2770 710 2838 subsistentes,
735 2769 791 2829 nrsi
805 2769 835 2827 in
849 2770 992 2849 prioribus
1005 2771 1111 2849 obligo·

164 2849 293 2910 tionibus
306 2849 444 2928 exceptio
454 2850 515 2912 voti
537 2848 742 2912 subintellecto
763 2847 863 2908 fuerit.
905 2849 995 2908 Retio
1009 2849 1111 2909 horrus

162 2929 363 3068 orpptieurpoest
378 2928 459 3010 quod
472 2927 641 3010 hujusmodi
662 2939 732 2988 vote
750 2927 810 2988 sint
833 2927 871 2988 de
893 2937 1018 3008 perusto
1032 2947 1111 2990 conr·

166 3028 207 3068 nn
252 3028 271 3066 n
312 3049 320 3066 .

204 3089 254 3148 An
263 3086 352 3166 igitur
360 3099 461 3147 votum
471 3086 633 3166 jejunandi,
640 3097 742 3147 oontrs
751 3097 931 3170 preceptum
939 3086 1111 3168 Superioris

162 3177 210 3227 est
223 3167 405 3228 invalidum?
699 3201 704 3214 .

204 3245 240 3303 V.
262 3245 299 3304 R.
320 3245 555 3324 Distinguendm
576 3244 600 3304 si
626 3244 667 3304 Su
706 3245 764 3306 rior
787 3243 969 3330 prohibuerit
977 3246 1111 3322 jsp'unerr

159 3328 241 3403 justo
252 3337 409 3406 precepto,
422 3335 524 3386 votum
543 3333 591 3386 est
614 3323 684 3386 illics
699 3343 748 3386 um
769 3329 795 3388 δι
816 3323 993 3388 invalidum:
1014 3324 1039 3381 si
1056 3324 1111 3382 Su·

163 3403 259 3496 perior
273 3403 368 3465 solum
381 3401 564 3483 prohibuerit
584 3423 699 3472 vovere,
722 3404 776 3468 sod
795 3423 854 3466 non
867 3401 1050 3486 prohibuerit
1067 3406 1111 3482 Je-

158 3500 273 3560 Junure
284 3493 385 3542 votum
400 3493 499 3562 potest
512 3501 578 3546 essu
591 3482 729 3552 validum,
764 3481 876 3546 usmvir
885 3481 1030 3550 illicitum,
1042 3481 1111 3560 quis

164 3559 288 3620 materis
300 3561 361 3621 voti
380 3571 427 3622 est
435 3561 580 3638 je·uniun
594 3581 652 3622 non
665 3503 863 3641 prohibitum
882 3561 939 3626 nisi
952 3561 1030 3624 torte
1045 3580 1111 3642 pro

165 3636 271 3697 bibitio
286 3637 450 3716 Superioris
463 3581 569 3700 inisset
582 3639 699 3700 irritans
712 3652 823 3704 votum.

206 3714 258 3774 VI.
280 3717 329 3774 An
343 3727 442 3775 votum
457 3716 619 3794 prodigum,
634 3718 695 3778 sive
708 3731 809 3782 votum
820 3719 859 3784 de
873 3719 1029 3784 donatione
1043 3737 1111 3796 pro·

176 3792 243 3864 Ἧι,
258 3805 305 3856 ert
318 3793 446 3856 validum
459 3798 485 3854 δι
499 3793 724 3876 obligatorium?
