2236 4084
147 111 186 184 lt
515 141 557 186 na
577 123 718 190 errrore?

147 301 237 354 mum,
251 282 305 344 sed
319 281 399 363 quod
412 281 451 344 sit
460 282 554 344 virtus
568 283 693 356 moralis,
708 287 802 346 una&
815 282 953 348 distincta
965 286 1000 346 ab
1012 283 1077 358 aliis,

147 363 217 441 quia
229 363 319 424 habet
328 365 478 424 ob'ectnrn
487 364 597 424 morale
608 363 780 427 distinctum
790 365 827 426 ab
838 365 959 445 objectis
967 365 1077 428 aliarum

146 443 299 502 virtutum.
320 441 349 502 S.
362 383 467 502 llsom.
502 454 585 503 usest.
598 445 646 502 ill.
659 453 714 504 art
727 445 747 502 8
760 448 786 504 a
798 448 827 504 4.

186 522 225 581 11.
245 521 363 582 Deinde
374 522 572 602 consequitur,
588 522 668 604 quid
678 521 717 584 sit
729 523 822 584 virtus
836 522 956 586 inferior
966 521 1081 584 Theolo-

145 601 230 680 gicis,
243 612 275 661 at
285 600 477 662 excellentior
490 601 606 662 ceteris
619 601 785 673 moralibus,
799 601 869 682 quia
880 601 1005 682 Religio,
1017 603 1082 664 licit

146 699 205 774 non
220 680 405 774 immediate,
424 691 459 740 ut
475 680 672 762 Theologicae,
683 693 827 776 ‘attamen
850 681 945 762 magis
967 681 1004 742 de
1024 701 1083 762 pro-

140 779 257 898 'iiqlf'
267 759 909 918 ttlttsttltltffil‘tffttti
921 761 1083 920 {oblili

145 917 249 979 tudine
263 923 290 977 tr
302 937 371 979 cum
385 919 570 982 observantia
579 920 609 980 in
624 921 731 990 Deum,
747 861 828 1000 quid
841 919 881 980 sit
894 920 1026 1060 guoedam
1039 941 1085 980 ex·

147 997 258 1058 cellans
280 997 385 1078 pieres,
419 999 570 1078 gratitudo
595 1000 644 1061 vel
665 999 859 1062 observantia.
922 1041 931 1058 .
954 997 1010 1060 Th.
1022 1001 1049 1058 2.
1060 1001 1085 1058 ἓ.

145 1086 251 1156 quest.
268 1078 333 1136 loo.
347 1088 402 1137 ert
418 1077 444 1136 1.
457 1077 496 1138 ed
511 1080 536 1136 l.

186 1157 241 1216 111.
254 1157 322 1236 obj.
333 1158 359 1215 l.
370 1156 445 1236 lleg.
459 1163 477 1194 “
487 1155 597 1218 Melior
607 1170 654 1220 est
666 1157 835 1222 obedientia
843 1151 931 1239 quim
942 1156 1086 1218 victime.”

144 1255 219 1314 ergo
232 1235 326 1296 virtus
336 1236 513 1296 obedientie
527 1248 575 1298 est
587 1237 690 1300 melior
703 1238 814 1298 virtute
828 1237 1003 1318 Religionis.

186 1315 224 1375 li.
244 1315 389 1394 Negendo
403 1317 661 1396 consequentiam:
681 1337 749 1378 nam
758 1315 874 1378 Textus
889 1315 919 1380 S.
933 1317 1088 1397 scripturn

145 1394 210 1473 agit
218 1395 256 1456 de
267 1414 346 1468 casu,
357 1395 388 1455 in
398 1414 457 1475 quo
470 1407 555 1456 actus
566 1397 742 1459 obedientie
751 1395 821 1476 poni
832 1395 962 1458 debebat
971 1417 1011 1458 ex
1024 1417 1089 1476 pre·

146 1485 236 1553 cepto
249 1474 356 1546 divino,
370 1486 455 1536 octus
469 1473 541 1536 vero
549 1476 719 1556 ,Religionis
731 1497 790 1538 non
803 1475 1040 1570 pmcipiebatur.
1057 1477 1089 1535 ln

147 1555 205 1614 hoc
228 1554 380 1648 supposito
392 1555 498 1616 melius
512 1565 560 1616 est
579 1557 679 1618 facere
693 1567 792 1617 actum
813 1555 994 1618 obedlentire
1007 1554 1089 1634 quim

147 1633 320 1713 Religionrs,
346 1654 405 1694 non
419 1636 458 1695 ob
471 1637 611 1716 majorem
624 1635 831 1716 poententiam,
850 1635 904 1696 sed
917 1633 957 1695 ob
971 1633 1090 1694 circum·

147 1713 287 1774 stantiam
306 1713 424 1794 majoris
437 1715 624 1776 necessitatis
638 1715 700 1775 sive
713 1715 856 1794 precepti
870 1713 1017 1794 urgentis·

186 1793 238 1852 lv.
259 1795 318 1863 An,
332 1793 449 1872 quando
458 1794 543 1854 Deus
554 1794 660 1855 colitur
670 1796 707 1856 ob
717 1813 750 1854 sa
771 1793 891 1855 lentiam
901 1793 999 1855 aliave
1012 1789 1090 1854 attri-

143 1874 221 1933 ‘bnta
229 1871 336 1949 «lirina,
350 1871 400 1932 ille
414 1873 511 1948 cultus
519 1873 617 1934 vocari
628 1873 737 1934 debeat
750 1813 935 1954 letigionis?

186 1951 224 2012 ll.
244 1951 357 2012 Affirm.
369 1951 570 2014 Neminlinita
578 1952 639 2014 Dei
653 1951 832 2016 excellentia
839 1973 897 2014 non
911 1952 1033 2034 ponitur
1045 1951 1091 2012 hic

147 2042 181 2090 ut
194 2031 369 2092 attributum
383 2031 563 2105 distinctum,
588 2033 642 2094 sed
654 2043 743 2112 prout
756 2032 881 2094 includit
900 2033 1000 2094 omnia
1013 2031 1091 2093 attri-

146 2113 220 2170 buta
231 2109 348 2180 Divina,
364 2110 508 2190 quatenns
519 2123 699 2174 concurrunt
712 2113 750 2173 ad
763 2113 907 2173 rationem
917 2111 1006 2194 primi
1017 2111 1101 2190 prin.-¹

145 2189 330 2328 riter
341 2191 868 2332 “tttt‘tttrtt‘rttr‘
876 2191 1032 2332 tritt}
1040 2209 1091 2331 ll

145 2351 176 2406 8.
189 2347 228 2408 ed
243 2349 269 2406 l.
288 2356 308 2386 “
317 2287 506 2428 loubjectuffl
527 2347 645 2412 virtutis
658 2313 823 2432 Religionis
834 2293 885 2414 eall
893 2312 1032 2414 volunns'
1044 2367 1091 2410 na·

149 2439 223 2488 turo
236 2427 387 2489 rationalis
401 2440 517 2490 create.

305 2585 343 2646 N.
363 2589 391 2647 52
411 2587 469 2650 DE
490 2589 667 2651 ACTIBUS
687 2589 938 2652 RELlGIONIS.

366 2751 401 2812 S.
419 2751 518 2812 ttoni
532 2773 559 2834 q.
572 2753 620 2814 el.
633 2763 689 2816 ort.
702 2757 730 2814 7.
744 2753 770 2832 85
783 2774 811 2836 q.
825 2755 875 2816 82.

144 2895 173 2954 1.-
191 2893 359 2956 Dtotstom
380 2905 436 2956 aa.
485 2896 525 2957 11.
545 2896 618 2958 Duo
646 2907 728 2958 actm
753 2899 868 2958 inemo:
912 2897 967 2958 111.
992 2895 1097 2964 Coto

206 2985 339 3035 mmor
365 2973 391 3050 ἐς
417 2978 549 3036 internos
573 2985 615 3036 est
635 2979 668 3036 tn
729 2987 840 3058 coepto
871 2977 937 3039 Ἰν.
963 2977 1095 3056 Oh'oetto

206 3055 243 3113 V.
262 3053 442 3136 Eaplicator
453 3053 544 3116 Joao.
556 3061 585 3115 4.
597 2998 773 3130 reoitllra,
787 3062 840 3118 &c
1010 3089 1013 3097 ·

185 3197 210 3256 1.
230 3197 367 3264 Actus
389 3197 554 3279 Religionis
581 3195 632 3261 alii
658 3212 728 3261 sunt
750 3199 868 3272 interni,
895 3199 945 3261 alii
969 3199 1096 3271 extenti,

141 3277 220 3338 ‘item
235 3276 354 3356 quidam
370 3290 441 3340 sunt
454 3279 555 3350 elictii
570 3279 688 3362 qnidam
702 3280 848 3362 imperati.

186 3355 344 3424 11.‚s.'rn
359 3369 462 3438 quest
476 3361 523 3418 82.
538 3359 612 3419 duos
625 3369 710 3420 actus
719 3359 851 3422 internos
864 3358 997 3440 assignat
1017 3367 1035 3396 ‘⁶
1045 3359 1096 3420 de·

146 3435 296 3496 notionem
322 3439 348 3495 ὰ
374 3438 536 3508 ordinem?
566 3448 651 3499 ectus
672 3450 772 3500 autern
796 3451 936 3501 externos
958 3447 1095 3498 recenset

145 3521 165 3552 ‘⁶
176 3514 387 3586 adorationem,
401 3517 586 3588 sacrificium,
614 3517 802 3590 oblationem,
823 3529 934 3589 votum,
944 3520 1094 3612 juramen·

148 3607 220 3664 tum,
236 3594 496 3672 adjurationem&
509 3597 569 3658 Dei
583 3597 710 3658 landes.”
751 3599 855 3664 Potest
869 3597 987 3658 interim
1001 3596 1093 3656 oratio

149 3691 215 3732 esse
229 3684 355 3734 externa
368 3679 394 3734 δι
407 3675 525 3746 vocalis,
539 3681 566 3734 ἃ
580 3675 711 3738 econtra
720 3688 805 3738 actos
816 3677 914 3757 aliqui,
929 3676 980 3756 qui
993 3675 1093 3736 dicun·

37 3754 59 3786 “
147 3763 196 3812 tur
210 3752 337 3825 externi,
351 3754 589 3846 possuntpertici
612 3755 737 3828 interne,
756 3756 792 3818 E.
805 3757 840 3818 C.
879 3755 957 3816 Vota
970 3755 1092 3818 interna
