2230 4094
158 145 214 206 120
543 161 590 204 nr
608 163 705 206 voro.

154 323 224 442 ἕῳ
237 315 305 382 post
316 313 417 362 votum
431 303 561 364 solemne
574 304 729 374 oestitmis,
745 301 885 383 quiahoc
898 303 1031 392 eontinet
1044 315 1095 363 tra·

188 394 306 442 taonem.

61 465 67 476 '
196 461 236 520 ΙΙ.
259 461 310 522 ali
390 461 485 530 doen,
499 482 564 541 quse
576 463 652 522 fiunt
665 473 885 524 contrarotam
896 483 957 524 non
972 474 1097 524 suntra-

154 539 228 611 lida,¹
237 561 315 620 quan
336 561 354 600 o
367 541 444 602 actio
455 541 601 602 manarit
612 555 681 602 voto
694 542 829 604 eontinet
836 543 1020 604 solummodo
1032 541 1097 602 obli·

155 620 304 698 gationem
318 621 450 700 ejusdem
460 620 635 681 conditionis
650 621 688 682 de
701 621 806 682 eadem
819 642 871 682 re:
895 623 939 682 sic
951 621 1097 702 promissio

155 700 294 771 nubendi,
308 701 369 759 sive
383 701 535 779 sponsalia,
557 712 625 780 post
636 714 738 762 votum
751 721 810 762 non
824 703 964 773 nubendi,
980 712 1050 762 sunt
1061 699 1098 758 in·

155 778 260 840 salida.
287 777 617 860 &Thous-dudda
633 783 853 861 l.art.3.q.2.
867 781 906 841 ad
921 783 947 840 1.

468 1018 598 1082 casus
618 1011 794 1078 rosum.

247 1201 272 1260 n
295 1197 440 1276 ostona
460 1195 523 1258 von
535 1207 701 1276 aalma
713 1195 849 1272 muto.
869 1195 1011 1256 Junusae.

196 1377 220 1436 Ι.
244 1376 449 1442 QUISPIAM
470 1376 669 1452 obligaturex
691 1387 760 1436 voto
773 1375 844 1434 dare
866 1373 947 1434 mille
963 1375 1108 1441 florenoso

155 1456 211 1516 sed
224 1467 293 1516 ante
306 1455 493 1520 traditionem
507 1455 655 1516 suboritur
668 1453 808 1534 obligatio
820 1453 1022 1514 restitutionis
1039 1454 1102 1514 faci·

156 1536 251 1605 ende,
273 1536 321 1596 vel
334 1535 436 1594 similis
449 1535 588 1614 obligatio
604 1534 729 1614 jmtitiae
742 1533 960 1594 commutativae
986 1554 1028 1594 ex
1042 1553 1108 1595 con-¹

158 1625 264 1686 tractu,
283 1620 335 1676 &a
348 1615 412 1692 ipse
426 1627 525 1676 autem
538 1634 597 1674 non
620 1625 668 1676 est
680 1613 826 1674 sufficiens
840 1613 958 1691 utrique
973 1613 1104 1692 obligati·

157 1695 207 1754 oni
220 1695 391 1774 implendae:
413 1695 562 1774 queritur,
583 1694 643 1752 utri
656 1693 835 1772 obligationi,
849 1711 888 1752 an
901 1693 974 1762 voti,
997 1711 1037 1752 an
1047 1697 1108 1772 jus-³

157 1774 240 1845 titire,
275 1774 349 1834 rimd
364 1774 499 1834 satisfieri
513 1774 643 1834 debeat?
675 1829 678 1838 ,

196 1855 233 1912 lt.
287 1852 346 1912 ima
362 1853 426 1915 fieri
440 1854 530 1914 debet
542 1851 692 1912 restitutio
704 1856 731 1910 u
744 1851 851 1912 solutio
864 1851 1037 1912 debitorum
1047 1855 1108 1930 jus·¹

112 1952 120 1971 ·
158 1931 251 2001 titiae;
271 1953 329 1995 non
343 1933 410 1992 ideo
423 1933 546 2012 praecise
556 1932 643 2010 'quasi
664 1931 803 2009 obligatio
821 1930 946 2010 justitiae
960 1931 1004 1990 sit
1018 1931 1108 2009 major

159 2011 339 2090 obligatione
349 2012 429 2072 votis
443 2013 497 2072 sed
506 2014 543 2072 ob
556 2011 749 2072 mutationem
757 2009 888 2072 materiae
897 2009 977 2070 voti:
992 2005 1108 2080 named

156 2090 229 2168 ipso,
253 2111 311 2169 quo
332 2111 445 2152 summa
459 2092 508 2154 illo
528 2091 661 2170 pecunioe
684 2091 809 2152 debetur
831 2089 916 2150 alteri
930 2108 971 2148 ex
991 2089 1108 2169 justitia

157 2169 244 2228 modo
253 2170 383 2248 praefato,
398 2171 507 2230 desinit
520 2190 586 2232 esse
598 2170 724 2230 materia
735 2169 867 2248 legitima
876 2167 945 2228 voti.
1107 2235 1108 2244 χ

197 2249 228 2307 si
242 2249 312 2308 verb
326 2269 439 2309 summa
449 2250 506 2319 ills,
527 2261 596 2330 post
608 2261 709 2308 votum
723 2249 857 2329 simplex,
881 2247 1108 2326 promitteretur

155 2328 319 2398 dumtaxat,
332 2329 379 2388 vel
392 2329 542 2408 legaretur
554 2329 641 2388 alteri
653 2331 763 2408 ubsque
775 2327 941 2396 traditione,
956 2327 1045 2405 prids
1061 2329 1108 2386 de,

155 2409 208 2466 bet
222 2407 356 2468 satisfieri
369 2420 455 2477 voto;
477 2408 546 2487 quia
557 2408 710 2486 promissio
724 2407 868 2486 posterior
882 2418 929 2468 est
949 2407 1091 2473 invalida.

236 2645 274 2703 u.
292 2647 342 2704 woa
382 2645 553 2712 numan
584 2643 857 2705 oumoanuun
888 2644 1029 2705 voror
1107 2633 1108 2668 ³

157 2823 182 2882 1.
210 2821 310 2883 Votum
320 2821 469 2904 panonnia
480 2821 590 2900 obliput
600 2822 705 2882 directe
716 2823 966 2882 solomonem.
1004 2819 1054 2883 11.
1062 2823 1108 2898 Eu

79 2934 85 2948 ·
216 2913 280 2962 voto
299 2903 373 2962 reoli
393 2903 419 2976 ἐς
442 2905 530 2961 minio
544 2913 639 2981 potest
658 2902 736 2961 alius
755 2901 887 2978 odliyori.
926 2901 984 2960 ΙΙΙ.
1005 2903 1108 2962 Hoeret

215 2991 325 3042 tenum
352 2981 423 3042 Vota
455 2982 547 3040 realia
571 2981 734 3060 adimplere.
775 2981 827 3040 IV.
852 2981 982 3040 remor
994 2982 1108 3060 fenerat

223 3060 324 3122 Votum
343 3063 471 3131 mixtum,
496 3070 606 3120 leuetur
626 3059 714 3120 hoeres
732 3062 774 3120 ad
788 3061 872 3120 reule.
911 3059 948 3118 V.
973 3060 1108 3138 obtentio,

217 3140 270 3199 VI.
296 3141 424 3201 reamur
435 3141 624 3200 nuntiaverat
634 3140 739 3200 amuda·
751 3139 907 3218 adimplere
924 3139 996 3198 Vota
1003 3160 1108 3226 perso*¹

215 3219 307 3280 nolio.

198 3397 222 3455 1.
236 3397 348 3458 RESP.
362 3398 431 3476 Ipse
445 3417 552 3458 vovens
567 3397 645 3456 solus
659 3395 774 3458 directe
787 3397 932 3475 obligatur
945 3407 1037 3466 voto;
1052 3417 1108 3468 non

156 3473 215 3544 alii,
238 3475 295 3534 nisi
314 3475 364 3534 alii
377 3477 457 3536 tituli
471 3476 676 3536 interveniant
894 3509 898 3526 ι

198 3555 248 3612 An
262 3553 351 3630 igitur
365 3573 441 3614 unus
454 3575 513 3614 non
526 3566 626 3634 potest
639 3554 761 3633 obligari
774 3566 843 3616 voto
856 3554 999 3616 alterius?

198 3631 235 3690 R.
258 3629 364 3690 Nullus
378 3633 523 3710 obligatur
537 3645 604 3694 voto
618 3634 764 3712 personali
777 3635 907 3704 alterius,
925 3653 1024 3712 neque
1039 3647 1108 3698 vote

160 3709 254 3778 mixto
263 3709 392 3780 alterius,
407 3711 552 3802 quatenus
562 3713 714 3789 personale
724 3724 780 3785 est,
795 3715 863 3794 quia
873 3713 997 3775 estensis
1007 3725 1108 3774 rotun

171 3787 250 3848 afficit
261 3800 362 3848 actum
376 3789 465 3850 sobus
478 3809 610 3870 persone
623 3791 764 3852 voventis.
