2246 4096
518 193 562 240 Μ
583 191 686 239 vrttes

179 387 181 390 .
307 338 346 396 N.
368 337 435 396 180.
454 333 515 396 DE
535 333 667 398 VITIIS
683 331 901 398 OPPOSITIS

317 511 553 592 vrnru'rr
580 454 908 627 peticionis.
936 501 948 514 ‘

210 629 214 639 Ι
400 627 832 800 3.Μ11.Δᾳωωει.ιᾯ9.’
1033 691 1038 698 ’

57 897 61 916 .
134 864 161 919 1.
180 859 253 920 Duo
263 858 336 916 vitia
358 853 498 934 oppositu,
517 853 691 934 euperut'twj
701 825 922 932 pomonam,
946 853 1087 934 irreligio

302 939 374 996 sitas
380 954 439 1014 per
450 929 596 1012 dffaetom.
636 931 685 991 11.
714 929 930 1028 Victoreano.

172 1099 197 1158 1.
211 1095 312 1164 QUAE
325 1091 397 1156 vitiu
409 1103 597 1172 opponuntur
608 1091 712 1175 virtuti
721 1085 885 1174 Religionis
898 1095 913 1154 Ρ

173 1180 212 1237 R.
226 1177 304 1238 cnm
317 1171 435 1254 Religio
454 1172 494 1232 sit
506 1169 600 1231 virtus
619 1169 736 1232 moralis
760 1173 924 1234 consistens
939 1174 968 1232 in
982 1174 1090 1245 medio,

134 1257 311 1338 generaliter
325 1253 354 1314 ei
368 1261 555 1334 opponuntur
565 1250 711 1321 duovitia,
725 1269 831 1332 nempe
846 1261 864 1290 “
873 1253 1089 1334 irreligiositas”

134 1335 300 1398 secundum
314 1333 472 1402 defectum,
483 1335 509 1390 t
522 1338 542 1368 “
552 1329 737 1410 superstitio'’
752 1333 918 1394 secundum·
927 1351 1091 1396 excessum

144 1431 147 1436 '
177 1417 245 1496 Obj.
266 1413 350 1474 Deus
363 1433 422 1473 non
441 1421 541 1492 potest
558 1407 644 1470 nimis
659 1409 724 1480 coli,
740 1411 807 1492 quia
821 1407 937 1492 “mejor
951 1425 998 1474 est
1012 1416 1090 1474 omni

136 1495 249 1556 laude?
291 1493 374 1554 Eccl.
387 1495 437 1551 43.
450 1509 477 1550 v.
490 1491 540 1550 38.
554 1509 624 1570 ergo
637 1499 696 1550 non
705 1489 792 1552 'datm
803 1489 908 1553 vitium
921 1511 974 1574 per
987 1513 1091 1556 exces-

138 1597 203 1635 sum
218 1575 248 1633 in
263 1573 346 1634 cultu
358 1572 428 1632 Dei.

175 1655 214 1714 R.
236 1653 396 1730 Distinguo
409 1670 489 1712 cons.
507 1667 578 1730 ergo
591 1670 650 1709 non
672 1647 758 1710 datur
781 1669 921 1712 excessus
934 1653 965 1712 in
978 1653 1092 1713 formali

138 1736 219 1795 cultu
233 1732 301 1802 Dei,
314 1731 444 1792 concedo
458 1740 574 1790 totumz
594 1749 665 1810 ergo
675 1749 733 1790 non
745 1731 830 1790 datur
840 1731 1020 1795 excessusin
1030 1733 1092 1792 cul·

137 1827 171 1873 tu
184 1811 337 1881 materiali,
351 1809 399 1870 vel
419 1809 450 1868 in
463 1809 559 1879 modo,
583 1809 687 1870 sivein
702 1811 866 1890 quontitate
887 1811 1092 1894 proportionis,

138 1905 172 1954 ut
184 1891 313 1972 loquitur
328 1891 358 1950 S.
372 1889 429 1950 Th.
447 1909 515 1968 neg.
529 1907 608 1950 cons.

177 1973 216 2031 ll.
237 1971 350 2030 Vitium
364 1968 579 2048 superstitionis
589 1969 644 2028 sub
658 1987 690 2029 se
704 1967 836 2030 continet
849 1971 905 2031 alio
915 1971 1000 2050 plura
1012 1970 1092 2040 vitia,

138 2051 339 2120 idololatriam,
354 2047 571 2119 divinationem,
585 2047 685 2108 sortile
706 2047 776 2120 ium,
799 2051 1031 2110 observationem
1044 2069 1095 2110 va·

139 2153 215 2202 nam,
230 2129 365 2208 magiam,
380 2126 565 2197 maleficium,
592 2131 618 2185 &
645 2147 662 2188 c
695 2139 758 2187 tum
783 2127 842 2190 Dei
856 2130 1094 2210 incongruum&

139 2211 345 2296 perniciosum,
361 2207 398 2288 de
413 2207 519 2286 quibus
528 2205 559 2264 in
578 2207 778 2286 sequentibus.

334 2387 373 2446 u.
395 2387 461 2446 181.
482 2385 540 2446 mr
562 2341 903 2449 surunsurroun
960 2431 968 2448 .

141 2551 165 2610 1.
186 2548 338 2626 noento.
378 2545 417 2604 11.
437 2501 586 2604 Divinos.
625 2544 682 2604 111.
707 2543 998 2626 omnipotenso
1010 2549 1112 2606 ω...

201 2639 247 2688 ner
254 2635 405 2706 peccatum
418 2625 545 2684 mortale.
585 2623 638 2684 IV.
660 2623 805 2704 Reliquiae
825 2625 925 2688 debent
940 2625 1097 2712 approbari

201 2708 389 2784 abepiscopo.
429 2705 467 2763 V.
486 2703 591 2798 Cultus
600 2705 766 2786 superfluus
775 2717 816 2766 cst
823 2705 935 2766 veniale
937 2717 1095 2846 &mcum

201 2789 255 2846 Vl.
266 2785 403 2846 Robricae
416 2781 555 2844 Ecclestoe
567 2795 702 2844 nonnum
708 2788 919 2864 superstitioso.
967 2785 1007 2846 II.
1020 2783 1095 2846 sut-

203 2868 307 2926 dioisio
321 2862 415 2924 cultris
417 2863 496 2944 falsi
509 2863 659 2924 Numinis.

183 3025 289 3099 QUID
305 3035 352 3084 est
366 3021 558 3102 superstitio?

182 3107 206 3166 Ι.
229 3107 265 3164 R.
288 3105 343 3162 Est
356 3103 470 3174 vitium,
485 3105 565 3182 quod
583 3104 708 3164 exhibet
720 3103 844 3166 'cultum
863 3105 994 3168 divinum
1019 3126 1095 3168 creo·

143 3200 216 3248 turae
232 3205 285 3246 seu
299 3182 366 3242 Diis
379 3181 469 3254 falsis,
490 3183 539 3244 vel
553 3183 621 3244 Deo
642 3204 721 3254 vero,
745 3186 798 3245 sed
811 3185 897 3248 modo
920 3186 1097 3264 incongruo:

144 3269 214 3328 hinc

184 3345 225 3403 II.
247 3341 403 3402 Dividitur
417 3341 447 3402 in
462 3341 731 3422 “superstitionem
746 3343 844 3406 cultris
857 3343 923 3405 falsi
938 3343 1098 3414 Numinis,”

144 3431 169 3482 tr
184 3425 213 3482 in
229 3421 496 3498 “superstitionem
510 3421 664 3502 incongrui
675 3423 773 3500 cultius
787 3423 850 3484 veri
859 3423 945 3488 Dei?

186 3501 363 3582 Superstitio
382 3501 480 3562 cultits
505 3501 659 3582 incongrui
670 3504 865 3564 subdividitur
881 3504 912 3564 iu
934 3504 1101 3584 “supersti-

146 3583 256 3641 tionem
271 3579 368 3639 cultris
383 3579 539 3658 perniciosi
549 3587 575 3640 tr
589 3583 688 3642 cultris
702 3583 867 3662 superflui.”
1111 3607 1112 3610 ¹

185 3660 242 3718 ΙΙΙ.
265 3656 371 3718 Cultus
385 3660 566 3734 perniciosus
581 3662 715 3723 continet
729 3663 874 3724 ordinarie
889 3661 1006 3742 culpam
1026 3681 1101 3722 mor·

145 3742 253 3805 talem;
275 3759 302 3794 v.
317 3757 345 3814 g.
361 3737 464 3798 offerre
487 3739 545 3800 hoo
559 3751 692 3820 tempore
707 3743 850 3804 sacrificia
864 3743 1029 3822 Moysmco,
1051 3739 1102 3800 fin·

141 3840 215 3896 gere
229 3818 303 3876 falsa
316 3815 474 3886 miracula3
493 3819 552 3900 huc
567 3820 713 3884 indirecte
727 3823 831 3884 referri
841 3833 941 3901 potest
949 3821 1112 3882 temeritas

143 3895 314 3977 exponendi
336 3895 423 3956 falsas
449 3897 619 3977 Reliquias3
634 3901 688 3964 sed
705 3903 763 3964 hoc
787 3902 920 3982 intellige
934 3901 972 3962 de
986 3900 1102 3980 exposi-
