<?xml version="1.0" encoding="UTF-8"?>
<!DOCTYPE html PUBLIC "-//W3C//DTD XHTML 1.0 Transitional//EN"
    "http://www.w3.org/TR/xhtml1/DTD/xhtml1-transitional.dtd">
<html xmlns="http://www.w3.org/1999/xhtml" xml:lang="en" lang="en">
 <head>
  <title>
</title>
<meta http-equiv="Content-Type" content="text/html;charset=utf-8" />
  <meta name='ocr-system' content='tesseract 3.04.00' />
  <meta name='ocr-capabilities' content='ocr_page ocr_carea ocr_par ocr_line ocrx_word'/>
</head>
<body>
  <div class='ocr_page' id='page_1' title='image "./theologiamorali04densgoog_0126.png"; bbox 0 0 2256 4090; ppageno 0'>
   <div class='ocr_carea' id='block_1_1' title="bbox 463 131 1019 192">
    <p class='ocr_par' dir='ltr' id='par_1_1' title="bbox 463 131 1019 192">
     <span class='ocr_line' id='line_1_1' title="bbox 463 131 1019 192; baseline -0.007 1"><span class='ocrx_word' id='word_1_1' title='bbox 463 149 506 192; x_wconf 81' lang='lat' dir='ltr'>nr</span> <span class='ocrx_word' id='word_1_2' title='bbox 527 149 622 192; x_wconf 83' lang='lat' dir='ltr'>voro.</span> <span class='ocrx_word' id='word_1_3' title='bbox 963 131 1019 192; x_wconf 84' lang='lat'>11⁵</span> 
     </span>
    </p>
   </div>
   <div class='ocr_carea' id='block_1_2' title="bbox 59 285 1017 667">
    <p class='ocr_par' dir='ltr' id='par_1_2' title="bbox 59 285 1017 667">
     <span class='ocr_line' id='line_1_2' title="bbox 64 285 1016 366; baseline 0.001 -19"><span class='ocrx_word' id='word_1_4' title='bbox 64 287 135 360; x_wconf 80' lang='lat' dir='ltr'>voti,</span> <span class='ocrx_word' id='word_1_5' title='bbox 150 289 257 350; x_wconf 84' lang='lat' dir='ltr'>resolvi</span> <span class='ocrx_word' id='word_1_6' title='bbox 271 289 361 353; x_wconf 83' lang='lat' dir='ltr'>debet</span> <span class='ocrx_word' id='word_1_7' title='bbox 374 288 626 352; x_wconf 78' lang='lat' dir='ltr'><strong>subdistinctione</strong></span> <span class='ocrx_word' id='word_1_8' title='bbox 636 285 732 357; x_wconf 83' lang='lat' dir='ltr'>simili,</span> <span class='ocrx_word' id='word_1_9' title='bbox 748 287 806 366; x_wconf 80' lang='lat' dir='ltr'>qui</span> <span class='ocrx_word' id='word_1_10' title='bbox 818 287 972 348; x_wconf 84' lang='lat' dir='ltr'>resolvitur</span> <span class='ocrx_word' id='word_1_11' title='bbox 986 289 1016 348; x_wconf 88' lang='lat' dir='ltr'>in</span> 
     </span>
     <span class='ocr_line' id='line_1_3' title="bbox 64 365 1015 468; baseline 0.002 -42"><span class='ocrx_word' id='word_1_12' title='bbox 64 367 153 430; x_wconf 75' lang='lat' dir='ltr'>Trac-</span> <span class='ocrx_word' id='word_1_13' title='bbox 169 367 206 462; x_wconf 72' lang='lat' dir='ltr'>de</span> <span class='ocrx_word' id='word_1_14' title='bbox 220 365 350 448; x_wconf 86' lang='lat' dir='ltr'>Legibus</span> <span class='ocrx_word' id='word_1_15' title='bbox 364 370 428 430; x_wconf 82' lang='lat' dir='ltr'>haec</span> <span class='ocrx_word' id='word_1_16' title='bbox 442 369 563 448; x_wconf 76' lang='lat' dir='ltr'>questio</span> <span class='ocrx_word' id='word_1_17' title='bbox 575 390 583 428; x_wconf 79' lang='lat' dir='ltr'>r</span> <span class='ocrx_word' id='word_1_18' title='bbox 605 369 654 427; x_wconf 86' lang='lat' dir='ltr'>An</span> <span class='ocrx_word' id='word_1_19' title='bbox 667 365 734 426; x_wconf 87' lang='lat' dir='ltr'>finis</span> <span class='ocrx_word' id='word_1_20' title='bbox 747 367 794 426; x_wconf 90' lang='lat' dir='ltr'>vel</span> <span class='ocrx_word' id='word_1_21' title='bbox 808 367 911 428; x_wconf 88' lang='lat' dir='ltr'>modus</span> <span class='ocrx_word' id='word_1_22' title='bbox 920 367 1015 468; x_wconf 65' lang='lat' dir='ltr'>operis</span> 
     </span>
     <span class='ocr_line' id='line_1_4' title="bbox 59 445 1017 620; baseline 0.004 -36"><span class='ocrx_word' id='word_1_23' title='bbox 59 445 1017 620; x_wconf 50' lang='lat' dir='ltr'>cassinensispericlitaretur</span> 
     </span>
     <span class='ocr_line' id='line_1_5' title="bbox 59 617 693 667; baseline 0.008 -5"><span class='ocrx_word' id='word_1_24' title='bbox 59 617 132 666; x_wconf 85' lang='lat' dir='ltr'>voto</span> <span class='ocrx_word' id='word_1_25' title='bbox 147 617 348 667; x_wconf 87' lang='lat' dir='ltr'>rntrrnsecum.</span> <span class='ocrx_word' id='word_1_26' title='bbox 690 633 693 642; x_wconf 88' lang='lat'>·</span> 
     </span>
    </p>
   </div>
   <div class='ocr_carea' id='block_1_3' title="bbox 55 841 1014 1278">
    <p class='ocr_par' dir='ltr' id='par_1_3' title="bbox 1 823 926 940">
     <span class='ocr_line' id='line_1_6' title="bbox 112 841 926 928; baseline 0 -24"><span class='ocrx_word' id='word_1_27' title='bbox 112 919 117 928; x_wconf 25' lang='lat'>¹</span> <span class='ocrx_word' id='word_1_28' title='bbox 153 841 191 904; x_wconf 83' lang='lat' dir='ltr'>u.</span> <span class='ocrx_word' id='word_1_29' title='bbox 212 845 259 904; x_wconf 81' lang='lat'>94.</span> <span class='ocrx_word' id='word_1_30' title='bbox 279 844 337 904; x_wconf 84' lang='lat' dir='ltr'>ns</span> <span class='ocrx_word' id='word_1_31' title='bbox 359 843 651 904; x_wconf 77' lang='lat' dir='ltr'>oanronrroua</span> <span class='ocrx_word' id='word_1_32' title='bbox 674 843 774 904; x_wconf 83' lang='lat' dir='ltr'>vor1</span> <span class='ocrx_word' id='word_1_33' title='bbox 796 843 926 918; x_wconf 82' lang='lat' dir='ltr'>noan.</span> 
     </span>
    </p>

    <p class='ocr_par' dir='ltr' id='par_1_4' title="bbox 55 1039 1014 1278">
     <span class='ocr_line' id='line_1_7' title="bbox 55 1039 1014 1120; baseline 0.004 -22"><span class='ocrx_word' id='word_1_34' title='bbox 55 1039 82 1098; x_wconf 91' lang='lat'>1.</span> <span class='ocrx_word' id='word_1_35' title='bbox 102 1039 225 1100; x_wconf 66' lang='lat' dir='ltr'>nuum</span> <span class='ocrx_word' id='word_1_36' title='bbox 245 1043 281 1100; x_wconf 71' lang='lat' dir='ltr'>a</span> <span class='ocrx_word' id='word_1_37' title='bbox 302 1041 370 1100; x_wconf 68' lang='lat' dir='ltr'>voa</span> <span class='ocrx_word' id='word_1_38' title='bbox 382 1039 497 1118; x_wconf 56' lang='grc' dir='ltr'>οὐκ...</span> <span class='ocrx_word' id='word_1_39' title='bbox 537 1041 577 1099; x_wconf 93' lang='lat'>11.</span> <span class='ocrx_word' id='word_1_40' title='bbox 602 1039 734 1119; x_wconf 58' lang='lat' dir='ltr'>oum</span> <span class='ocrx_word' id='word_1_41' title='bbox 774 1043 830 1102; x_wconf 92' lang='lat'><em>111.</em></span> <span class='ocrx_word' id='word_1_42' title='bbox 855 1044 1014 1120; x_wconf 55' lang='lat' dir='ltr'>Quam</span> 
     </span>
     <span class='ocr_line' id='line_1_8' title="bbox 114 1119 1011 1182; baseline 0.003 -3"><span class='ocrx_word' id='word_1_43' title='bbox 114 1120 268 1180; x_wconf 77' lang='lat' dir='ltr'>dudiusdc</span> <span class='ocrx_word' id='word_1_44' title='bbox 280 1139 333 1180; x_wconf 79' lang='lat' dir='ltr'>suo</span> <span class='ocrx_word' id='word_1_45' title='bbox 353 1121 591 1181; x_wconf 77' lang='lat' dir='ltr'>Votoiumatcn&#39;o</span> <span class='ocrx_word' id='word_1_46' title='bbox 603 1119 805 1180; x_wconf 73' lang='lat' dir='ltr'>dahidillicitu.</span> <span class='ocrx_word' id='word_1_47' title='bbox 845 1123 898 1180; x_wconf 91' lang='lat' dir='ltr'>IV.</span> <span class='ocrx_word' id='word_1_48' title='bbox 916 1121 1011 1182; x_wconf 72' lang='lat' dir='ltr'>Custos</span> 
     </span>
     <span class='ocr_line' id='line_1_9' title="bbox 115 1199 971 1278; baseline 0.004 -21"><span class='ocrx_word' id='word_1_49' title='bbox 115 1199 223 1278; x_wconf 80' lang='lat' dir='ltr'>aliqui.</span> <span class='ocrx_word' id='word_1_50' title='bbox 264 1200 300 1258; x_wconf 89' lang='lat' dir='ltr'>V.</span> <span class='ocrx_word' id='word_1_51' title='bbox 326 1199 427 1259; x_wconf 75' lang='lat' dir='ltr'>Casus.</span> <span class='ocrx_word' id='word_1_52' title='bbox 467 1200 520 1258; x_wconf 89' lang='lat' dir='ltr'>VI.</span> <span class='ocrx_word' id='word_1_53' title='bbox 540 1201 672 1262; x_wconf 79' lang='lat' dir='ltr'>Dubium</span> <span class='ocrx_word' id='word_1_54' title='bbox 685 1202 763 1259; x_wconf 82' lang='lat' dir='ltr'>circo</span> <span class='ocrx_word' id='word_1_55' title='bbox 775 1202 971 1260; x_wconf 69' lang='lat' dir='ltr'>accidentalia</span> 
     </span>
    </p>
   </div>
   <div class='ocr_carea' id='block_1_4' title="bbox 2 1397 1100 3860">
    <p class='ocr_par' dir='ltr' id='par_1_5' title="bbox 96 1397 1007 1470">
     <span class='ocr_line' id='line_1_10' title="bbox 96 1397 1007 1470; baseline 0.004 -12"><span class='ocrx_word' id='word_1_56' title='bbox 96 1398 161 1458; x_wconf 87' lang='lat' dir='ltr'>AN</span> <span class='ocrx_word' id='word_1_57' title='bbox 174 1397 311 1458; x_wconf 87' lang='lat' dir='ltr'>dubitans</span> <span class='ocrx_word' id='word_1_58' title='bbox 325 1399 362 1460; x_wconf 94' lang='lat' dir='ltr'>de</span> <span class='ocrx_word' id='word_1_59' title='bbox 373 1399 469 1459; x_wconf 85' lang='lat' dir='ltr'>valore</span> <span class='ocrx_word' id='word_1_60' title='bbox 481 1399 542 1458; x_wconf 91' lang='lat' dir='ltr'>voti</span> <span class='ocrx_word' id='word_1_61' title='bbox 552 1397 606 1470; x_wconf 91' lang='lat' dir='ltr'>sui,</span> <span class='ocrx_word' id='word_1_62' title='bbox 621 1410 738 1459; x_wconf 89' lang='lat' dir='ltr'>tenetur</span> <span class='ocrx_word' id='word_1_63' title='bbox 747 1397 819 1458; x_wconf 91' lang='lat' dir='ltr'>illud</span> <span class='ocrx_word' id='word_1_64' title='bbox 828 1401 1007 1469; x_wconf 79' lang='lat' dir='ltr'>observare?</span> 
     </span>
    </p>

    <p class='ocr_par' dir='ltr' id='par_1_6' title="bbox 49 1477 1007 1976">
     <span class='ocr_line' id='line_1_11' title="bbox 97 1477 1007 1558; baseline 0.007 -24"><span class='ocrx_word' id='word_1_65' title='bbox 97 1477 137 1535; x_wconf 87' lang='lat' dir='ltr'>R.</span> <span class='ocrx_word' id='word_1_66' title='bbox 159 1477 290 1538; x_wconf 87' lang='lat' dir='ltr'>Tenetur</span> <span class='ocrx_word' id='word_1_67' title='bbox 304 1489 364 1538; x_wconf 88' lang='lat' dir='ltr'>tam</span> <span class='ocrx_word' id='word_1_68' title='bbox 378 1477 409 1536; x_wconf 90' lang='lat' dir='ltr'>in</span> <span class='ocrx_word' id='word_1_69' title='bbox 423 1478 510 1538; x_wconf 92' lang='lat' dir='ltr'>dubio</span> <span class='ocrx_word' id='word_1_70' title='bbox 528 1477 608 1548; x_wconf 88' lang='lat' dir='ltr'>facti,</span> <span class='ocrx_word' id='word_1_71' title='bbox 630 1477 718 1557; x_wconf 74' lang='lat' dir='ltr'>quim</span> <span class='ocrx_word' id='word_1_72' title='bbox 738 1478 768 1538; x_wconf 92' lang='lat' dir='ltr'>in</span> <span class='ocrx_word' id='word_1_73' title='bbox 789 1478 877 1540; x_wconf 93' lang='lat' dir='ltr'>dubio</span> <span class='ocrx_word' id='word_1_74' title='bbox 898 1479 1007 1558; x_wconf 87' lang='lat' dir='ltr'>obliga·</span> 
     </span>
     <span class='ocr_line' id='line_1_12' title="bbox 51 1553 1007 1628; baseline 0.007 -15"><span class='ocrx_word' id='word_1_75' title='bbox 51 1553 161 1616; x_wconf 85' lang='lat' dir='ltr'>tionis:</span> <span class='ocrx_word' id='word_1_76' title='bbox 183 1557 252 1616; x_wconf 90' lang='lat' dir='ltr'>dum</span> <span class='ocrx_word' id='word_1_77' title='bbox 271 1557 433 1617; x_wconf 86' lang='lat' dir='ltr'>observatio</span> <span class='ocrx_word' id='word_1_78' title='bbox 452 1557 513 1616; x_wconf 91' lang='lat' dir='ltr'>voti</span> <span class='ocrx_word' id='word_1_79' title='bbox 536 1557 620 1618; x_wconf 87' lang='lat' dir='ltr'>licita</span> <span class='ocrx_word' id='word_1_80' title='bbox 641 1569 696 1628; x_wconf 84' lang='lat' dir='ltr'>est,</span> <span class='ocrx_word' id='word_1_81' title='bbox 718 1562 744 1616; x_wconf 79' lang='lat' dir='ltr'>a</span> <span class='ocrx_word' id='word_1_82' title='bbox 765 1557 884 1618; x_wconf 91' lang='lat' dir='ltr'>dubium</span> <span class='ocrx_word' id='word_1_83' title='bbox 904 1557 1007 1620; x_wconf 77' lang='lat' dir='ltr'>finda-</span> 
     </span>
     <span class='ocr_line' id='line_1_13' title="bbox 51 1635 1007 1715; baseline 0.005 -22"><span class='ocrx_word' id='word_1_84' title='bbox 51 1647 129 1694; x_wconf 85' lang='lat' dir='ltr'>tum.</span> <span class='ocrx_word' id='word_1_85' title='bbox 171 1635 259 1695; x_wconf 84' lang='lat' dir='ltr'>Ratio</span> <span class='ocrx_word' id='word_1_86' title='bbox 268 1648 315 1696; x_wconf 91' lang='lat' dir='ltr'>est</span> <span class='ocrx_word' id='word_1_87' title='bbox 327 1635 407 1715; x_wconf 84' lang='lat' dir='ltr'>qudd</span> <span class='ocrx_word' id='word_1_88' title='bbox 417 1637 561 1706; x_wconf 85' lang='lat' dir='ltr'>dubitans,</span> <span class='ocrx_word' id='word_1_89' title='bbox 576 1636 601 1695; x_wconf 89' lang='lat' dir='ltr'>si</span> <span class='ocrx_word' id='word_1_90' title='bbox 614 1657 672 1696; x_wconf 92' lang='lat' dir='ltr'>non</span> <span class='ocrx_word' id='word_1_91' title='bbox 686 1638 821 1698; x_wconf 87' lang='lat' dir='ltr'>observat</span> <span class='ocrx_word' id='word_1_92' title='bbox 831 1649 941 1708; x_wconf 91' lang='lat' dir='ltr'>votum,</span> <span class='ocrx_word' id='word_1_93' title='bbox 956 1659 1007 1698; x_wconf 91' lang='lat' dir='ltr'>ex-</span> 
     </span>
     <span class='ocr_line' id='line_1_14' title="bbox 51 1715 1006 1797; baseline 0.002 -23"><span class='ocrx_word' id='word_1_94' title='bbox 51 1727 147 1792; x_wconf 87' lang='lat' dir='ltr'>ponat</span> <span class='ocrx_word' id='word_1_95' title='bbox 160 1735 193 1776; x_wconf 87' lang='lat' dir='ltr'>se</span> <span class='ocrx_word' id='word_1_96' title='bbox 211 1715 340 1794; x_wconf 86' lang='lat' dir='ltr'>periculo</span> <span class='ocrx_word' id='word_1_97' title='bbox 353 1715 516 1776; x_wconf 74' lang='lat' dir='ltr'>violationis</span> <span class='ocrx_word' id='word_1_98' title='bbox 530 1716 601 1776; x_wconf 89' lang='lat' dir='ltr'>voti.</span> <span class='ocrx_word' id='word_1_99' title='bbox 641 1715 676 1776; x_wconf 91' lang='lat' dir='ltr'>ln</span> <span class='ocrx_word' id='word_1_100' title='bbox 689 1717 768 1776; x_wconf 90' lang='lat' dir='ltr'>hunc</span> <span class='ocrx_word' id='word_1_101' title='bbox 782 1717 900 1776; x_wconf 88' lang='lat' dir='ltr'>modum</span> <span class='ocrx_word' id='word_1_102' title='bbox 914 1718 1006 1797; x_wconf 91' lang='lat' dir='ltr'>loqui·</span> 
     </span>
     <span class='ocr_line' id='line_1_15' title="bbox 49 1793 1004 1874; baseline 0.004 -22"><span class='ocrx_word' id='word_1_103' title='bbox 49 1805 101 1852; x_wconf 89' lang='lat' dir='ltr'>tur</span> <span class='ocrx_word' id='word_1_104' title='bbox 117 1793 148 1854; x_wconf 87' lang='lat' dir='ltr'>S.</span> <span class='ocrx_word' id='word_1_105' title='bbox 163 1794 269 1854; x_wconf 89' lang='lat' dir='ltr'>Thom.</span> <span class='ocrx_word' id='word_1_106' title='bbox 283 1795 312 1854; x_wconf 92' lang='lat' dir='ltr'>in</span> <span class='ocrx_word' id='word_1_107' title='bbox 322 1799 352 1854; x_wconf 81' lang='lat'>4.</span> <span class='ocrx_word' id='word_1_108' title='bbox 365 1795 433 1856; x_wconf 78' lang='lat' dir='ltr'>dist.</span> <span class='ocrx_word' id='word_1_109' title='bbox 446 1797 495 1854; x_wconf 82' lang='grc'>89.</span> <span class='ocrx_word' id='word_1_110' title='bbox 509 1807 611 1874; x_wconf 79' lang='lat' dir='ltr'>quest</span> <span class='ocrx_word' id='word_1_111' title='bbox 628 1796 654 1854; x_wconf 90' lang='lat' dir='ltr'>l.</span> <span class='ocrx_word' id='word_1_112' title='bbox 666 1815 694 1854; x_wconf 87' lang='lat' dir='ltr'>a.</span> <span class='ocrx_word' id='word_1_113' title='bbox 707 1797 736 1854; x_wconf 79' lang='grc'>3.</span> <span class='ocrx_word' id='word_1_114' title='bbox 749 1795 788 1856; x_wconf 88' lang='lat' dir='ltr'>ad</span> <span class='ocrx_word' id='word_1_115' title='bbox 802 1799 830 1854; x_wconf 82' lang='lat'>6.</span> <span class='ocrx_word' id='word_1_116' title='bbox 851 1796 911 1856; x_wconf 87' lang='lat' dir='ltr'>“Si</span> <span class='ocrx_word' id='word_1_117' title='bbox 922 1797 1004 1858; x_wconf 90' lang='lat' dir='ltr'>dubi·</span> 
     </span>
     <span class='ocr_line' id='line_1_16' title="bbox 51 1873 1004 1976; baseline 0.003 -44"><span class='ocrx_word' id='word_1_118' title='bbox 51 1884 97 1964; x_wconf 77' lang='lat' dir='ltr'>tet</span> <span class='ocrx_word' id='word_1_119' title='bbox 111 1873 259 1951; x_wconf 91' lang='lat' dir='ltr'>quomodo</span> <span class='ocrx_word' id='word_1_120' title='bbox 273 1894 305 1966; x_wconf 81' lang='lat' dir='ltr'>se</span> <span class='ocrx_word' id='word_1_121' title='bbox 319 1874 495 1967; x_wconf 29' lang='lat' dir='ltr'>innvoyenndo</span> <span class='ocrx_word' id='word_1_122' title='bbox 508 1873 652 1976; x_wconf 62' lang='lat' dir='ltr'>hapuerit,</span> <span class='ocrx_word' id='word_1_123' title='bbox 673 1873 762 1934; x_wconf 90' lang='lat' dir='ltr'>debet</span> <span class='ocrx_word' id='word_1_124' title='bbox 776 1875 916 1970; x_wconf 76' lang='lat' dir='ltr'>tutiorem</span> <span class='ocrx_word' id='word_1_125' title='bbox 928 1877 1004 1936; x_wconf 90' lang='lat' dir='ltr'>viam</span> 
     </span>
    </p>

    <p class='ocr_par' dir='ltr' id='par_1_7' title="bbox 47 1953 1004 2124">
     <span class='ocr_line' id='line_1_17' title="bbox 47 1953 1004 2124; baseline 0.003 -33"><span class='ocrx_word' id='word_1_126' title='bbox 47 1953 442 2124; x_wconf 54' lang='lat' dir='ltr'>{listisltlffil</span> <span class='ocrx_word' id='word_1_127' title='bbox 450 1965 625 2112; x_wconf 58' lang='lat' dir='ltr'>ltili.</span> <span class='ocrx_word' id='word_1_128' title='bbox 639 1955 1004 2112; x_wconf 58' lang='lat' dir='ltr'>,ltlltlllliffil</span> 
     </span>
    </p>

    <p class='ocr_par' dir='ltr' id='par_1_8' title="bbox 1 2131 1004 2352">
     <span class='ocr_line' id='line_1_18' title="bbox 51 2131 1004 2270; baseline 0.005 -22"><span class='ocrx_word' id='word_1_129' title='bbox 51 2131 407 2252; x_wconf 47' lang='lat' dir='ltr'>opffoppffiabffimmm</span> <span class='ocrx_word' id='word_1_130' title='bbox 429 2191 527 2270; x_wconf 87' lang='lat' dir='ltr'>opinio</span> <span class='ocrx_word' id='word_1_131' title='bbox 540 2191 674 2252; x_wconf 86' lang='lat' dir='ltr'>innititur</span> <span class='ocrx_word' id='word_1_132' title='bbox 687 2191 835 2270; x_wconf 72' lang='lat' dir='ltr'>precipue</span> <span class='ocrx_word' id='word_1_133' title='bbox 856 2193 926 2254; x_wconf 90' lang='lat' dir='ltr'>huic</span> <span class='ocrx_word' id='word_1_134' title='bbox 939 2194 1004 2253; x_wconf 86' lang='lat' dir='ltr'>fun·</span> 
     </span>
     <span class='ocr_line' id='line_1_19' title="bbox 50 2269 1003 2352; baseline 0.006 -24.707"><span class='ocrx_word' id='word_1_135' title='bbox 50 2269 201 2341; x_wconf 76' lang='lat' dir='ltr'>(lamento,</span> <span class='ocrx_word' id='word_1_136' title='bbox 224 2269 305 2349; x_wconf 84' lang='lat' dir='ltr'>qndd</span> <span class='ocrx_word' id='word_1_137' title='bbox 317 2271 419 2332; x_wconf 92' lang='lat' dir='ltr'>melior</span> <span class='ocrx_word' id='word_1_138' title='bbox 441 2271 480 2330; x_wconf 91' lang='lat' dir='ltr'>sit</span> <span class='ocrx_word' id='word_1_139' title='bbox 493 2271 622 2332; x_wconf 87' lang='lat' dir='ltr'>conditio</span> <span class='ocrx_word' id='word_1_140' title='bbox 640 2271 832 2350; x_wconf 87' lang='lat' dir='ltr'>possidentis:</span> <span class='ocrx_word' id='word_1_141' title='bbox 854 2273 936 2352; x_wconf 89' lang='lat' dir='ltr'>atqui</span> <span class='ocrx_word' id='word_1_142' title='bbox 951 2274 1003 2333; x_wconf 91' lang='lat' dir='ltr'>du-</span> 
     </span>
    </p>

    <p class='ocr_par' dir='ltr' id='par_1_9' title="bbox 47 2349 1003 2588">
     <span class='ocr_line' id='line_1_20' title="bbox 47 2349 1003 2432; baseline 0.004 -24"><span class='ocrx_word' id='word_1_143' title='bbox 47 2349 116 2408; x_wconf 87' lang='lat' dir='ltr'>bius</span> <span class='ocrx_word' id='word_1_144' title='bbox 126 2349 166 2410; x_wconf 89' lang='lat' dir='ltr'>de</span> <span class='ocrx_word' id='word_1_145' title='bbox 180 2350 260 2410; x_wconf 86' lang='lat' dir='ltr'>facto</span> <span class='ocrx_word' id='word_1_146' title='bbox 273 2361 342 2410; x_wconf 82' lang='lat' dir='ltr'>voto</span> <span class='ocrx_word' id='word_1_147' title='bbox 353 2362 455 2420; x_wconf 82' lang='lat' dir='ltr'>manet</span> <span class='ocrx_word' id='word_1_148' title='bbox 467 2351 498 2412; x_wconf 90' lang='lat' dir='ltr'>in</span> <span class='ocrx_word' id='word_1_149' title='bbox 508 2349 675 2430; x_wconf 81' lang='lat' dir='ltr'>posessione</span> <span class='ocrx_word' id='word_1_150' title='bbox 689 2370 750 2412; x_wconf 77' lang='lat' dir='ltr'>sua</span> <span class='ocrx_word' id='word_1_151' title='bbox 758 2351 901 2412; x_wconf 81' lang='lat' dir='ltr'>libertatis</span> <span class='ocrx_word' id='word_1_152' title='bbox 911 2375 920 2422; x_wconf 89' lang='lat'>;</span> <span class='ocrx_word' id='word_1_153' title='bbox 933 2373 1003 2432; x_wconf 82' lang='lat' dir='ltr'>ergo</span> 
     </span>
     <span class='ocr_line' id='line_1_21' title="bbox 47 2427 784 2508; baseline 0.001 -21"><span class='ocrx_word' id='word_1_154' title='bbox 47 2427 77 2488; x_wconf 92' lang='lat' dir='ltr'>in</span> <span class='ocrx_word' id='word_1_155' title='bbox 92 2427 187 2490; x_wconf 91' lang='lat' dir='ltr'>dubio</span> <span class='ocrx_word' id='word_1_156' title='bbox 200 2448 258 2490; x_wconf 91' lang='lat' dir='ltr'>non</span> <span class='ocrx_word' id='word_1_157' title='bbox 272 2429 416 2508; x_wconf 81' lang='lat' dir='ltr'>obligatur</span> <span class='ocrx_word' id='word_1_158' title='bbox 429 2441 506 2501; x_wconf 89' lang='lat' dir='ltr'>voto,</span> <span class='ocrx_word' id='word_1_159' title='bbox 521 2430 576 2490; x_wconf 90' lang='lat' dir='ltr'>sed</span> <span class='ocrx_word' id='word_1_160' title='bbox 588 2441 689 2492; x_wconf 80' lang='lat' dir='ltr'>manet</span> <span class='ocrx_word' id='word_1_161' title='bbox 701 2429 784 2490; x_wconf 90' lang='lat' dir='ltr'>liber.</span> 
     </span>
     <span class='ocr_line' id='line_1_22' title="bbox 87 2507 1000 2588; baseline 0.004 -22"><span class='ocrx_word' id='word_1_162' title='bbox 87 2507 128 2566; x_wconf 90' lang='lat' dir='ltr'>R.</span> <span class='ocrx_word' id='word_1_163' title='bbox 143 2507 224 2586; x_wconf 81' lang='lat' dir='ltr'>Neg.</span> <span class='ocrx_word' id='word_1_164' title='bbox 236 2508 306 2568; x_wconf 88' lang='lat' dir='ltr'>min.</span> <span class='ocrx_word' id='word_1_165' title='bbox 321 2509 389 2588; x_wconf 86' lang='lat' dir='ltr'>quia</span> <span class='ocrx_word' id='word_1_166' title='bbox 402 2529 438 2570; x_wconf 94' lang='lat' dir='ltr'>eo</span> <span class='ocrx_word' id='word_1_167' title='bbox 452 2509 524 2587; x_wconf 89' lang='lat' dir='ltr'>ipso,</span> <span class='ocrx_word' id='word_1_168' title='bbox 538 2529 596 2587; x_wconf 92' lang='lat' dir='ltr'>quo</span> <span class='ocrx_word' id='word_1_169' title='bbox 610 2520 656 2570; x_wconf 91' lang='lat' dir='ltr'>est</span> <span class='ocrx_word' id='word_1_170' title='bbox 670 2509 775 2568; x_wconf 90' lang='lat' dir='ltr'>dubius</span> <span class='ocrx_word' id='word_1_171' title='bbox 789 2509 826 2569; x_wconf 97' lang='lat' dir='ltr'>de</span> <span class='ocrx_word' id='word_1_172' title='bbox 840 2509 937 2570; x_wconf 87' lang='lat' dir='ltr'>valore</span> <span class='ocrx_word' id='word_1_173' title='bbox 951 2531 1000 2570; x_wconf 81' lang='lat' dir='ltr'>vo·</span> 
     </span>
    </p>

    <p class='ocr_par' dir='ltr' id='par_1_10' title="bbox 2 2586 1100 2778">
     <span class='ocr_line' id='line_1_23' title="bbox 45 2586 1002 2666; baseline 0.003 -21"><span class='ocrx_word' id='word_1_174' title='bbox 45 2587 78 2656; x_wconf 89' lang='lat' dir='ltr'>ti,</span> <span class='ocrx_word' id='word_1_175' title='bbox 94 2586 185 2646; x_wconf 88' lang='lat' dir='ltr'>simul</span> <span class='ocrx_word' id='word_1_176' title='bbox 199 2587 366 2648; x_wconf 77' lang='lat' dir='ltr'>necessario</span> <span class='ocrx_word' id='word_1_177' title='bbox 385 2587 490 2648; x_wconf 91' lang='lat' dir='ltr'>dubius</span> <span class='ocrx_word' id='word_1_178' title='bbox 505 2599 559 2658; x_wconf 90' lang='lat' dir='ltr'>est,</span> <span class='ocrx_word' id='word_1_179' title='bbox 573 2608 610 2650; x_wconf 91' lang='lat' dir='ltr'>an</span> <span class='ocrx_word' id='word_1_180' title='bbox 626 2591 682 2648; x_wconf 89' lang='lat' dir='ltr'>&#39;am</span> <span class='ocrx_word' id='word_1_181' title='bbox 696 2587 792 2648; x_wconf 90' lang='lat' dir='ltr'>adhuc</span> <span class='ocrx_word' id='word_1_182' title='bbox 805 2589 954 2666; x_wconf 83' lang='lat' dir='ltr'>possideat</span> <span class='ocrx_word' id='word_1_183' title='bbox 967 2589 1002 2648; x_wconf 91' lang='lat' dir='ltr'>li·</span> 
     </span>
     <span class='ocr_line' id='line_1_24' title="bbox 2 2608 1100 2778; baseline -0.002 -52"><span class='ocrx_word' id='word_1_184' title='bbox 2 2739 3 2778; x_wconf 26' lang='lat'><em>*</em></span> <span class='ocrx_word' id='word_1_185' title='bbox 46 2668 197 2728; x_wconf 88' lang='lat' dir='ltr'>bertatem</span> <span class='ocrx_word' id='word_1_186' title='bbox 211 2665 230 2726; x_wconf 79' lang='lat' dir='ltr'>d</span> <span class='ocrx_word' id='word_1_187' title='bbox 243 2679 327 2737; x_wconf 88' lang='lat' dir='ltr'>voto;</span> <span class='ocrx_word' id='word_1_188' title='bbox 345 2687 412 2728; x_wconf 86' lang='lat' dir='ltr'>nam</span> <span class='ocrx_word' id='word_1_189' title='bbox 426 2667 543 2730; x_wconf 87' lang='lat' dir='ltr'>axioma</span> <span class='ocrx_word' id='word_1_190' title='bbox 555 2608 632 2728; x_wconf 82' lang='lat' dir='ltr'>illud</span> <span class='ocrx_word' id='word_1_191' title='bbox 642 2665 732 2728; x_wconf 92' lang='lat' dir='ltr'>debet</span> <span class='ocrx_word' id='word_1_192' title='bbox 745 2667 870 2746; x_wconf 86' lang='lat' dir='ltr'>intelligi</span> <span class='ocrx_word' id='word_1_193' title='bbox 885 2669 923 2728; x_wconf 91' lang='lat' dir='ltr'>de</span> <span class='ocrx_word' id='word_1_194' title='bbox 932 2677 1002 2748; x_wconf 90' lang='lat' dir='ltr'>pos·</span> <span class='ocrx_word' id='word_1_195' title='bbox 1099 2720 1100 2724; x_wconf 75' lang='grc'>,</span> 
     </span>
    </p>

    <p class='ocr_par' dir='ltr' id='par_1_11' title="bbox 46 2757 273 2807">
     <span class='ocr_line' id='line_1_25' title="bbox 46 2757 273 2807; baseline 0 -3"><span class='ocrx_word' id='word_1_196' title='bbox 46 2765 166 2806; x_wconf 85' lang='lat' dir='ltr'>sessore</span> <span class='ocrx_word' id='word_1_197' title='bbox 181 2757 273 2807; x_wconf 85' lang='lat' dir='ltr'>certo.</span> 
     </span>
    </p>

    <p class='ocr_par' dir='ltr' id='par_1_12' title="bbox 2 2813 999 3064">
     <span class='ocr_line' id='line_1_26' title="bbox 2 2813 998 2888; baseline 0.002 -5"><span class='ocrx_word' id='word_1_198' title='bbox 2 2813 3 2872; x_wconf 76' lang='lat' dir='ltr'>l</span> <span class='ocrx_word' id='word_1_199' title='bbox 84 2825 209 2888; x_wconf 84' lang='lat' dir='ltr'>Deinde</span> <span class='ocrx_word' id='word_1_200' title='bbox 223 2826 333 2886; x_wconf 77' lang='lat' dir='ltr'>nsulss</span> <span class='ocrx_word' id='word_1_201' title='bbox 343 2825 499 2888; x_wconf 82' lang='lat' dir='ltr'>admodum</span> <span class='ocrx_word' id='word_1_202' title='bbox 513 2825 587 2886; x_wconf 92' lang='lat' dir='ltr'>illud</span> <span class='ocrx_word' id='word_1_203' title='bbox 599 2824 715 2886; x_wconf 84' lang='lat' dir='ltr'>axioma</span> <span class='ocrx_word' id='word_1_204' title='bbox 728 2825 885 2888; x_wconf 85' lang='lat' dir='ltr'>adducitur</span> <span class='ocrx_word' id='word_1_205' title='bbox 899 2826 929 2885; x_wconf 93' lang='lat' dir='ltr'>in</span> <span class='ocrx_word' id='word_1_206' title='bbox 944 2827 998 2886; x_wconf 93' lang='lat' dir='ltr'>du·</span> 
     </span>
     <span class='ocr_line' id='line_1_27' title="bbox 43 2901 999 2986; baseline 0.003 -23"><span class='ocrx_word' id='word_1_207' title='bbox 43 2903 94 2964; x_wconf 92' lang='lat' dir='ltr'>bio</span> <span class='ocrx_word' id='word_1_208' title='bbox 104 2903 274 2984; x_wconf 81' lang='lat' dir='ltr'>voto,quasi</span> <span class='ocrx_word' id='word_1_209' title='bbox 283 2905 438 2986; x_wconf 83' lang='lat' dir='ltr'>possessio,</span> <span class='ocrx_word' id='word_1_210' title='bbox 449 2901 631 2966; x_wconf 88' lang='lat' dir='ltr'>consuetudo</span> <span class='ocrx_word' id='word_1_211' title='bbox 641 2904 688 2964; x_wconf 90' lang='lat' dir='ltr'>vel</span> <span class='ocrx_word' id='word_1_212' title='bbox 697 2905 878 2984; x_wconf 76' lang='lat' dir='ltr'>praescriptio</span> <span class='ocrx_word' id='word_1_213' title='bbox 888 2905 999 2968; x_wconf 84' lang='lat' dir='ltr'>valeret</span> 
     </span>
     <span class='ocr_line' id='line_1_28' title="bbox 46 2985 518 3064; baseline 0.004 -22"><span class='ocrx_word' id='word_1_214' title='bbox 46 2996 153 3044; x_wconf 73' lang='lat' dir='ltr'>conns</span> <span class='ocrx_word' id='word_1_215' title='bbox 167 2985 266 3045; x_wconf 89' lang='lat' dir='ltr'>Deum</span> <span class='ocrx_word' id='word_1_216' title='bbox 279 2991 305 3044; x_wconf 81' lang='lat' dir='ltr'>dr</span> <span class='ocrx_word' id='word_1_217' title='bbox 314 2989 365 3064; x_wconf 87' lang='lat' dir='ltr'>jus</span> <span class='ocrx_word' id='word_1_218' title='bbox 379 2985 518 3044; x_wconf 81' lang='lat' dir='ltr'>divinum.</span> 
     </span>
    </p>

    <p class='ocr_par' dir='ltr' id='par_1_13' title="bbox 44 3062 999 3206">
     <span class='ocr_line' id='line_1_29' title="bbox 84 3062 999 3156; baseline 0.004 -36"><span class='ocrx_word' id='word_1_219' title='bbox 84 3063 145 3122; x_wconf 92' lang='lat'><em>111.</em></span> <span class='ocrx_word' id='word_1_220' title='bbox 168 3063 247 3130; x_wconf 82' lang='lat' dir='ltr'>Quid</span> <span class='ocrx_word' id='word_1_221' title='bbox 261 3076 330 3156; x_wconf 77' lang='lat' dir='ltr'>eget</span> <span class='ocrx_word' id='word_1_222' title='bbox 345 3065 450 3126; x_wconf 90' lang='lat' dir='ltr'>dubius</span> <span class='ocrx_word' id='word_1_223' title='bbox 473 3065 510 3126; x_wconf 92' lang='lat' dir='ltr'>de</span> <span class='ocrx_word' id='word_1_224' title='bbox 523 3075 599 3136; x_wconf 83' lang='lat' dir='ltr'>voto,</span> <span class='ocrx_word' id='word_1_225' title='bbox 622 3062 739 3142; x_wconf 87' lang='lat' dir='ltr'>quando</span> <span class='ocrx_word' id='word_1_226' title='bbox 753 3063 816 3141; x_wconf 89' lang='lat' dir='ltr'>ipsa</span> <span class='ocrx_word' id='word_1_227' title='bbox 828 3063 999 3143; x_wconf 85' lang='lat' dir='ltr'>adimpletio</span> 
     </span>
     <span class='ocr_line' id='line_1_30' title="bbox 44 3142 411 3206; baseline 0.011 -6"><span class='ocrx_word' id='word_1_228' title='bbox 44 3142 107 3202; x_wconf 85' lang='lat' dir='ltr'>voti</span> <span class='ocrx_word' id='word_1_229' title='bbox 117 3153 168 3204; x_wconf 89' lang='lat' dir='ltr'>est</span> <span class='ocrx_word' id='word_1_230' title='bbox 181 3143 271 3205; x_wconf 73' lang='lat' dir='ltr'>dubie</span> <span class='ocrx_word' id='word_1_231' title='bbox 285 3144 411 3206; x_wconf 79' lang='lat' dir='ltr'>illicita?</span> 
     </span>
    </p>

    <p class='ocr_par' dir='ltr' id='par_1_14' title="bbox 44 3219 1000 3540">
     <span class='ocr_line' id='line_1_31' title="bbox 86 3219 1000 3303; baseline 0.002 -23"><span class='ocrx_word' id='word_1_232' title='bbox 86 3221 126 3280; x_wconf 89' lang='lat' dir='ltr'>R.</span> <span class='ocrx_word' id='word_1_233' title='bbox 150 3221 219 3282; x_wconf 90' lang='lat' dir='ltr'>Non</span> <span class='ocrx_word' id='word_1_234' title='bbox 233 3234 333 3302; x_wconf 85' lang='lat' dir='ltr'>potest</span> <span class='ocrx_word' id='word_1_235' title='bbox 356 3223 515 3303; x_wconf 81' lang='lat' dir='ltr'>adimplere</span> <span class='ocrx_word' id='word_1_236' title='bbox 529 3234 639 3292; x_wconf 91' lang='lat' dir='ltr'>votum,</span> <span class='ocrx_word' id='word_1_237' title='bbox 661 3241 717 3286; x_wconf 91' lang='lat' dir='ltr'>nec</span> <span class='ocrx_word' id='word_1_238' title='bbox 731 3219 803 3282; x_wconf 92' lang='lat' dir='ltr'>illud</span> <span class='ocrx_word' id='word_1_239' title='bbox 817 3222 1000 3300; x_wconf 82' lang='lat' dir='ltr'>transgredi:</span> 
     </span>
     <span class='ocr_line' id='line_1_32' title="bbox 44 3299 1000 3394; baseline 0.003 -36"><span class='ocrx_word' id='word_1_240' title='bbox 44 3299 68 3358; x_wconf 91' lang='lat' dir='ltr'>si</span> <span class='ocrx_word' id='word_1_241' title='bbox 79 3313 183 3361; x_wconf 83' lang='lat' dir='ltr'>autem</span> <span class='ocrx_word' id='word_1_242' title='bbox 193 3301 355 3363; x_wconf 84' lang='lat' dir='ltr'>necessitas</span> <span class='ocrx_word' id='word_1_243' title='bbox 365 3303 539 3364; x_wconf 89' lang='lat' dir='ltr'>alterutrum</span> <span class='ocrx_word' id='word_1_244' title='bbox 548 3301 655 3381; x_wconf 81' lang='lat' dir='ltr'>agendi</span> <span class='ocrx_word' id='word_1_245' title='bbox 666 3312 778 3380; x_wconf 77' lang='lat' dir='ltr'>urgeat,</span> <span class='ocrx_word' id='word_1_246' title='bbox 793 3301 903 3380; x_wconf 84' lang='lat' dir='ltr'>eligere</span> <span class='ocrx_word' id='word_1_247' title='bbox 914 3321 1000 3394; x_wconf 77' lang='lat' dir='ltr'>opor·</span> 
     </span>
     <span class='ocr_line' id='line_1_33' title="bbox 44 3379 996 3475; baseline 0.002 -35"><span class='ocrx_word' id='word_1_248' title='bbox 44 3391 89 3440; x_wconf 79' lang='lat' dir='ltr'>tet</span> <span class='ocrx_word' id='word_1_249' title='bbox 103 3379 188 3452; x_wconf 84' lang='lat' dir='ltr'>illud,</span> <span class='ocrx_word' id='word_1_250' title='bbox 211 3381 241 3440; x_wconf 92' lang='lat' dir='ltr'>in</span> <span class='ocrx_word' id='word_1_251' title='bbox 256 3402 315 3475; x_wconf 80' lang='lat' dir='ltr'>quo</span> <span class='ocrx_word' id='word_1_252' title='bbox 328 3393 375 3444; x_wconf 92' lang='lat' dir='ltr'>est</span> <span class='ocrx_word' id='word_1_253' title='bbox 388 3382 484 3442; x_wconf 88' lang='lat' dir='ltr'>minus</span> <span class='ocrx_word' id='word_1_254' title='bbox 497 3381 661 3461; x_wconf 90' lang='lat' dir='ltr'>periculum</span> <span class='ocrx_word' id='word_1_255' title='bbox 674 3380 752 3450; x_wconf 87' lang='lat' dir='ltr'>mali,</span> <span class='ocrx_word' id='word_1_256' title='bbox 774 3381 869 3442; x_wconf 91' lang='lat' dir='ltr'>donec</span> <span class='ocrx_word' id='word_1_257' title='bbox 883 3383 996 3442; x_wconf 80' lang='lat' dir='ltr'>obtine·</span> 
     </span>
     <span class='ocr_line' id='line_1_34' title="bbox 44 3459 764 3540; baseline 0.001 -22"><span class='ocrx_word' id='word_1_258' title='bbox 44 3471 110 3518; x_wconf 87' lang='lat' dir='ltr'>atur</span> <span class='ocrx_word' id='word_1_259' title='bbox 125 3481 164 3521; x_wconf 92' lang='lat' dir='ltr'>su</span> <span class='ocrx_word' id='word_1_260' title='bbox 185 3461 288 3520; x_wconf 88' lang='lat' dir='ltr'>eriorrs</span> <span class='ocrx_word' id='word_1_261' title='bbox 301 3461 504 3540; x_wconf 85' lang='lat' dir='ltr'>interpretatio</span> <span class='ocrx_word' id='word_1_262' title='bbox 515 3461 562 3522; x_wconf 89' lang='lat' dir='ltr'>vel</span> <span class='ocrx_word' id='word_1_263' title='bbox 576 3459 764 3540; x_wconf 85' lang='lat' dir='ltr'>dispensatio.</span> 
     </span>
    </p>

    <p class='ocr_par' dir='ltr' id='par_1_15' title="bbox 45 3539 996 3860">
     <span class='ocr_line' id='line_1_35' title="bbox 80 3539 996 3619; baseline 0.002 -21"><span class='ocrx_word' id='word_1_264' title='bbox 80 3539 127 3598; x_wconf 91' lang='lat' dir='ltr'>IV</span> <span class='ocrx_word' id='word_1_265' title='bbox 127 3582 138 3598; x_wconf 90' lang='lat'><strong>.</strong></span> <span class='ocrx_word' id='word_1_266' title='bbox 229 3540 326 3600; x_wconf 80' lang='lat' dir='ltr'>missas</span> <span class='ocrx_word' id='word_1_267' title='bbox 340 3539 542 3618; x_wconf 86' lang='lat' dir='ltr'>conclusiones</span> <span class='ocrx_word' id='word_1_268' title='bbox 556 3552 648 3619; x_wconf 84' lang='lat' dir='ltr'>agunt</span> <span class='ocrx_word' id='word_1_269' title='bbox 662 3539 699 3602; x_wconf 91' lang='lat' dir='ltr'>de</span> <span class='ocrx_word' id='word_1_270' title='bbox 713 3551 781 3602; x_wconf 89' lang='lat' dir='ltr'>voto</span> <span class='ocrx_word' id='word_1_271' title='bbox 796 3539 884 3600; x_wconf 92' lang='lat' dir='ltr'>dubio</span> <span class='ocrx_word' id='word_1_272' title='bbox 898 3559 936 3600; x_wconf 88' lang='lat' dir='ltr'>ex</span> <span class='ocrx_word' id='word_1_273' title='bbox 951 3559 996 3600; x_wconf 85' lang='lat' dir='ltr'>ra·</span> 
     </span>
     <span class='ocr_line' id='line_1_36' title="bbox 46 3617 996 3698; baseline 0.001 -21"><span class='ocrx_word' id='word_1_274' title='bbox 46 3617 180 3678; x_wconf 91' lang='lat' dir='ltr'>tionabili</span> <span class='ocrx_word' id='word_1_275' title='bbox 204 3639 301 3690; x_wconf 69' lang='lat' dir='ltr'>musa</span> <span class='ocrx_word' id='word_1_276' title='bbox 323 3641 381 3680; x_wconf 92' lang='lat' dir='ltr'>non</span> <span class='ocrx_word' id='word_1_277' title='bbox 396 3640 435 3680; x_wconf 88' lang='lat' dir='ltr'>ex</span> <span class='ocrx_word' id='word_1_278' title='bbox 457 3619 594 3698; x_wconf 78' lang='lat' dir='ltr'>scruprdo</span> <span class='ocrx_word' id='word_1_279' title='bbox 617 3619 665 3680; x_wconf 87' lang='lat' dir='ltr'>vel</span> <span class='ocrx_word' id='word_1_280' title='bbox 680 3619 856 3679; x_wconf 84' lang='lat' dir='ltr'>timiditate:</span> <span class='ocrx_word' id='word_1_281' title='bbox 879 3617 904 3678; x_wconf 91' lang='lat' dir='ltr'>si</span> <span class='ocrx_word' id='word_1_282' title='bbox 918 3619 996 3678; x_wconf 89' lang='lat' dir='ltr'>enim</span> 
     </span>
     <span class='ocr_line' id='line_1_37' title="bbox 46 3697 995 3780; baseline -0.001 -23"><span class='ocrx_word' id='word_1_283' title='bbox 46 3697 193 3778; x_wconf 89' lang='lat' dir='ltr'>quispiam</span> <span class='ocrx_word' id='word_1_284' title='bbox 208 3699 352 3760; x_wconf 73' lang='lat' dir='ltr'>timorata</span> <span class='ocrx_word' id='word_1_285' title='bbox 366 3699 554 3760; x_wconf 84' lang='lat' dir='ltr'>conscientiae</span> <span class='ocrx_word' id='word_1_286' title='bbox 567 3719 732 3778; x_wconf 90' lang='lat' dir='ltr'>proponens</span> <span class='ocrx_word' id='word_1_287' title='bbox 747 3697 857 3780; x_wconf 81' lang='lat' dir='ltr'>aliquid</span> <span class='ocrx_word' id='word_1_288' title='bbox 878 3697 995 3776; x_wconf 87' lang='lat' dir='ltr'>exequi,</span> 
     </span>
     <span class='ocr_line' id='line_1_38' title="bbox 45 3775 994 3860; baseline 0 -22"><span class='ocrx_word' id='word_1_289' title='bbox 45 3795 110 3840; x_wconf 86' lang='lat' dir='ltr'>mox</span> <span class='ocrx_word' id='word_1_290' title='bbox 135 3777 321 3852; x_wconf 76' lang='lat' dir='ltr'>dubitatione</span> <span class='ocrx_word' id='word_1_291' title='bbox 336 3779 424 3840; x_wconf 79' lang='lat' dir='ltr'>anxii</span> <span class='ocrx_word' id='word_1_292' title='bbox 437 3780 579 3860; x_wconf 90' lang='lat' dir='ltr'>pulsetur,</span> <span class='ocrx_word' id='word_1_293' title='bbox 602 3781 701 3842; x_wconf 71' lang='lat' dir='ltr'>utrium</span> <span class='ocrx_word' id='word_1_294' title='bbox 715 3777 787 3838; x_wconf 93' lang='lat' dir='ltr'>illud</span> <span class='ocrx_word' id='word_1_295' title='bbox 800 3797 858 3838; x_wconf 91' lang='lat' dir='ltr'>non</span> <span class='ocrx_word' id='word_1_296' title='bbox 872 3775 994 3848; x_wconf 87' lang='lat' dir='ltr'>voverit,</span> 
     </span>
    </p>
   </div>
   <div class='ocr_carea' id='block_1_5' title="bbox 0 0 1135 4090">
    <p class='ocr_par' dir='ltr' id='par_1_16' title="bbox 0 0 1135 4090">
     <span class='ocr_line' id='line_1_39' title="bbox 0 0 1135 4090; baseline 0 0"><span class='ocrx_word' id='word_1_297' title='bbox 0 0 1135 4090; x_wconf 95' lang='lat' dir='ltr'> </span> 
     </span>
    </p>
   </div>
  </div>
 </body>
</html>
