2254 4072
153 196 212 256 356
359 215 402 258 on
422 213 624 258 sosarnrarr
642 215 684 258 ur
702 214 896 258 ssmnrsrs.

154 355 371 436 hospitalitatis,
405 356 590 418 excellentie
619 357 668 418 vel
699 356 875 419 conditionis
907 373 1112 437 personarum,

152 435 243 496 liceat
265 456 412 516 apponere
436 437 517 497 cibos
537 436 733 516 pretiosiores,
757 437 904 507 lautiores,
926 441 983 498 &c-
1030 434 1112 494 Tunc

154 515 233 574 enim
242 515 400 576 inter-venit
407 515 546 576 honestas
553 509 935 596 virtutis,irirecognitione
945 513 1112 594 dignitatis,

154 594 204 654 vel
217 595 310 655 virtus
324 595 557 674 magnificentiae,
571 599 625 656 dcc.
732 639 737 646 ,
1091 607 1093 614 ⁴

193 673 248 812 VI?-
271 675 423 740 Quantum
435 685 591 754 peccatum
603 684 651 736 ost
663 676 733 756 gula
745 674 942 738 condistincta
960 673 1004 734 ab
1018 671 1113 733 ebrie·

195 831 252 971 Ral
258 833 361 894 Plures
375 833 484 896 docent
496 851 562 894 osse
585 853 624 895 ex
637 853 747 920 genere
769 853 823 896 suo
835 843 997 916 peccatum
1019 829 1112 890 solum

154 931 224 972 vem
253 932 279 984 e.

197 990 249 1051 Sta
271 1003 336 1052 aert
345 996 371 1050 δι
385 992 510 1052 Billuart
523 991 626 1055 dicunt
636 1011 701 1053 esse
714 993 846 1063 mortale,
860 991 951 1072 idque
965 990 1002 1050 in
1012 1009 1111 1050 exem·

155 1070 214 1150 plo,
259 1091 308 1130 um
331 1071 395 1150 quis
413 1083 473 1132 tam
494 1070 638 1132 violenter
651 1091 684 1132 se
697 1071 867 1151 ingurgitat,
890 1081 1051 1132 ornatura
1063 1088 1112 1149 per

154 1151 300 1210 vomitum
314 1162 437 1230 cogatur
450 1149 559 1230 ejicere
569 1151 667 1212 cibum
680 1151 902 1211 intolerabilem.
989 1211 993 1216 ,

196 1229 368 1290 Notandum
378 1241 486 1300 tamen,
501 1227 581 1308 qudd
591 1229 717 1295 vomitus
728 1230 847 1294 evenire
860 1229 954 1310 possit
965 1229 1035 1290 sine
1043 1227 1113 1288 vitio

155 1309 233 1387 gulae
247 1329 287 1369 ex
301 1309 358 1370 cibi
373 1309 525 1390 qualitate,
539 1309 587 1370 vel
600 1328 639 1370 ex
651 1322 784 1390 pesonae
797 1321 851 1371 aut
862 1307 1011 1370 stomachi
1023 1306 1112 1368 indis

50 1442 55 1450 .
155 1388 320 1468 positione<

181 1467 265 1526 ·v11.
285 1466 377 1528 Cartd
388 1485 434 1560 ex·
440 1467 668 1528 circumstantiis
678 1431 833 1548 peceatum
842 1468 918 1560 gule
932 1476 1038 1560 potest
1050 1465 1113 1559 tieri

155 1547 289 1617 mortale,
302 1558 465 1626 praesertun
484 1547 509 1606 si
535 1547 664 1626 graviter
690 1560 797 1608 noceat
823 1558 951 1617 saltatu
965 1546 996 1608 si
1018 1547 1113 1607 ahena

156 1625 222 1705 quis
237 1626 435 1706 concupiscat,
450 1626 557 1686 sicum
581 1626 743 1706 Epicureis
764 1627 854 1688 finem
874 1627 1015 1686 ultimum
1034 1625 1068 1684 in
1081 1645 1113 1684 ea

156 1705 298 1774 collocet;
320 1716 497 1808 qpapropter
516 1705 623 1767 dicitur
646 1707 685 1767 ad
706 1707 782 1766 Phil.
794 1709 831 1766 8.
846 1707 1011 1772 “Quorum
1029 1705 1112 1764 Deus

155 1795 332 1924 vellllllisd.
345 1864 449 1926 Thom.
462 1881 490 1925 a.
509 1865 537 1922 5.
559 1864 690 1942 exponit,
713 1865 772 1943 qui
783 1864 896 1926 ratione
918 1865 991 1944 gula
1005 1879 1122 1944 connu-³

133 2043 139 2050 ·
154 1954 285 2080 ‘grew
298 1943 375 2004 inter
388 1955 512 2026 peccata
524 1943 668 2032 capitalia,
683 1944 721 2004 da
735 1944 842 2034 quibus
855 1944 886 2002 in
899 1943 997 2023 prima
1010 1961 1122 2019 secun-l

193 2061 248 2160 lX.
264 2101 300 2196 ⁸S.
313 2102 417 2163 Thom.
427 2121 469 2196 ua.
483 2105 511 2160 6.
534 2101 664 2195 explicat
686 2103 826 2196 ‘quinque'
842 2102 918 2195 gulae
936 2100 1023 2194 filias,
1049 2113 1113 2192 pue

154 2181 1112 2346 tittrorstet?scemmenstete

155 2338 252 2437 lenter
266 2341 389 2420 exponit
404 2335 521 2421 Sylvius
534 2339 653 2400 ibidem.
1120 2345 1121 2350 ’

207 2587 246 2647 N.
267 2589 336 2648 277.
354 2589 413 2655 DE
436 2589 704 2652 SOBRIETATE
725 2589 781 2650 ET
801 2587 1060 2651 EBRIETATE.
1119 2629 1120 2688 ζ

392 2746 427 2807 a.
446 2747 544 2808 suom.
557 2750 586 2807 a.
599 2750 629 2808 a.
641 2767 671 2828 q.
686 2750 752 2808 149.
772 2748 881 2823 asso.

154 2867 180 2926 1.
199 2866 351 2946 Definitio.
391 2867 432 2925 II.
465 2867 572 2934 Votum
593 2879 634 2929 ert
659 2867 805 2930 Ebrietas.
845 2867 904 2928 ΠΙ.
923 2865 1112 2926 Εόνίείωιει

211 2965 247 3004 ex
257 2967 358 3022 penem
379 2967 431 3005 auo
457 2947 582 3007 mortale.
635 2947 689 3008 IV.
719 2947 878 3008 Probatur.
917 2947 955 3006 V.
979 2945 1110 3024 Oby'ectio.

213 3026 267 3083 VI.
294 3025 341 3085 Di
366 3027 473 3085 armaria
495 3029 587 3086 amani
612 3026 650 3086 ab
675 3027 833 3086 Ebrietate.
886 3025 954 3091 VII·
979 3024 1119 3103 Obtusa

212 3105 297 3164 VIII.
389 3107 453 3164 'etas
466 3106 586 3165 venialis
598 3125 633 3165 ea
653 3107 872 3166 inadverteatrir.
912 3104 967 3164 IX.
979 3103 1035 3164 Ec
1047 3104 1109 3163 tevi-

212 3186 408 3243 tatemoterioe.
448 3183 485 3243 X.
505 3184 638 3245 Potentes
658 3184 870 3256 adhibendast,
889 3185 1109 3264 quomodopcc

195 3383 300 3448 QUID
316 3395 362 3443 est
377 3384 540 3444 sobrietas?

190 3461 217 3552 l.
229 3463 268 3554 R.
287 3463 343 3522 Est
355 3463 447 3522 virtus
467 3463 621 3525 moderans
644 3462 783 3525 affectum
798 3467 824 3537 dr
838 3480 924 3524 usum
942 3462 1034 3542 potus
1053 3460 1109 3520 ine·

153 3543 348 3682 bnglllllrom.
361 3639 387 3678 a.
397 3624 425 3680 4.
440 3621 630 3693 demonstrat,
645 3622 792 3701 quomodo
810 3619 953 3698 sobrietas
967 3619 1064 3698 magia
1076 3618 1110 3676 sit

130 3741 133 3752 .
155 3695 388 3837 ffffimmda
404 3701 562 3796 juvenibus
584 3702 803 3773 &mulieribus
825 3699 945 3760 senibus
963 3703 990 3758 a
1012 3701 1107 3800 stiper-

190 3857 232 3914 11.
253 3853 365 3912 Vitium
379 3856 545 3932 oppositum
558 3856 662 3920 virtuti
682 3845 859 3933 sobrietatis,
873 3868 922 3920 est
934 3857 1075 3919 ebrietas·

191 3934 270 4000 Quid
284 3944 330 3995 est
344 3933 497 3994 ebrietas?
593 3995 596 4005 ,

451 4033 506 4052 Α
