2246 4096
135 240 197 306 202
475 257 518 302 nr
539 229 752 304 runnuuuro

133 403 216 466 nium
230 399 361 464 divinum
374 399 525 462 iuvenum
541 401 717 473 assumtum
730 403 756 460 u
770 416 868 460 comes
877 397 1011 462 veritatis
1026 421 1100 462 con-

136 483 270 546 secutive
285 481 384 551 deest3
398 501 465 542 nam
475 481 534 544 tale
543 486 743 562 juramentum
756 479 871 559 impleri
884 501 943 540 non
956 481 1061 542 debet.

173 562 228 622 Vl.
248 562 344 642 Igitur
363 563 388 623 si
401 574 519 641 petatur
536 582 573 622 an
587 562 617 620 in
639 559 766 644 periurio
780 577 819 621 ex
843 555 963 622 defectu
977 559 1101 621 comitis

128 641 255 722 justitie
268 641 355 702 detur
368 643 495 722 parvitas
504 639 643 722 materiae,
658 637 828 720 responderi
838 645 937 718 potest
951 639 1100 720 distingu-

134 723 227 784 endor
248 721 363 783 scilicet
377 719 456 801 qubd
477 739 536 782 nou
550 721 636 781 detur
650 719 765 800 quando
785 722 901 799 juretur
924 732 1097 802 peccatum,

135 802 197 863 sive
209 801 344 874 mortale,
355 801 417 864 eive
437 801 561 872 veniale,
582 799 844 870 committendum
864 799 1009 880 sedqubd
1026 819 1100 880 pro·

132 881 270 960 habiliter
284 879 370 942 detur
383 877 511 962 parvitas
524 878 664 951 meteriae,
679 877 749 940 dum
759 882 875 958 juretur
886 877 1100 962 aliquidindif-

132 959 245 1032 ferens,
254 959 316 1022 slve
333 961 417 1024 dese
431 977 489 1021 non
503 959 621 1022 maium

153 1266 193 1326 N.
208 1263 274 1326 165.
288 1247 425 1327 cneus
438 1261 499 1323 nn
513 1247 751 1332 nummum
768 1225 1081 1325 enormem.

129 1426 153 1485 1.
173 1414 406 1505 dmamsooe'r'e
432 1405 617 1483 homitidirim
635 1422 867 1502 φαὶίεενρωοει
920 1421 960 1482 11.
973 1419 1100 1488 durant

187 1506 224 1564 de
240 1525 272 1564 re
284 1502 454 1586 impomibili
472 1501 707 1590 estperjrerium„
733 1501 788 1562 111.
808 1501 926 1562 duram.
948 1501 1099 1566 debitoris.

151 1741 336 1809 cunum
358 1751 482 1822 peccata
494 1739 567 1801 fecit
581 1740 631 1820 qui
650 1741 732 1820 jurat
753 1739 861 1802 inferre
873 1740 958 1803 elteri
977 1740 1098 1802 homini

133 1821 431 1900 morteminjustem?

168 1903 193 1962 1.
214 1901 252 1960 R.
273 1900 511 1980 Distinguendc:
534 1899 560 1968 ei
581 1899 691 1960 habeat
712 1899 893 1962 voluntatem
955 1899 1097 1960 rliciendi

128 1980 329 2052 homicidium,
353 1979 425 2040 facit
450 1991 605 2059 peccatum
626 1979 751 2054 mortale,
773 1989 875 2040 contra
932 1979 1097 2060 eligionem

128 2061 249 2122 defectu
258 2059 373 2120 comitis
379 2058 502 2138 justitie
513 2059 543 2118 in
552 2063 728 2139 juramento,
738 2059 960 2130 &consecutive
967 2059 1097 2122 defectu

127 2139 270 2211 veritatis,
290 2139 359 2219 quia
374 2139 487 2219 juravit
500 2151 656 2218 peccatum
677 2139 809 2210 mortale,
824 2139 903 2218 quod
917 2159 974 2199 non
989 2149 1099 2218 potest

152 2220 284 2282 erficere.

130 2242 151 2302 p
170 2297 308 2360 Secundi
322 2295 457 2378 peccavit
470 2308 572 2361 contra
581 2288 727 2378 justitiam
742 2297 780 2357 ob
798 2297 980 2360 voluntatem
994 2298 1098 2358 homi-

127 2378 221 2442 cidii:
242 2377 331 2438 tertib
345 2377 492 2438 contrahit
504 2376 646 2437 molitiem
660 2373 790 2437 omnium
800 2377 1096 2440 circumstantiarum

129 2455 378 2598 l⁸iulg¹⁰ml⁰¹d¹l
392 2456 483 2529 voliti,
498 2475 570 2538 quae
585 2456 682 2536 potuit
689 2458 720 2529 „c
734 2455 837 2518 debuit
850 2477 1031 2535 cognoscere
1043 2460 1096 2518 vel

151 2557 220 2599 raeVl
242 2557 302 2598 ere·
342 2563 345 2570 ⁴
630 2598 634 2606 Υ

131 2559 202 2678 pSi
215 2628 315 2677 eutem
336 2636 395 2676 non
418 2614 527 2676 hubent
548 2615 728 2676 voluntatem
742 2613 921 2694 perficiendi,
939 2615 1012 2676 fecit
1036 2619 1098 2678 du·

129 2697 199 2778 pler
221 2708 378 2790 peccatum
401 2695 526 2788 perjurii
546 2706 649 2755 contra
667 2693 853 2773 Religionem
874 2693 912 2756 ob
936 2693 1096 2758 defectum

130 2776 245 2840 comitis
259 2775 391 2836 veritatis
413 2775 551 2843 fonnolrs,
565 2779 591 2832 ἃ
605 2777 642 2834 ob
656 2773 807 2836 defectum
826 2773 941 2835 comitis
951 2775 1096 2854 justitiae,

131 2857 199 2938 quin
212 2855 350 2934 equidem
360 2853 472 2934 juravit
481 2853 626 2914 illicitum.

167 2935 225 2996 111.
244 2934 451 2994 Jurementum
474 2932 693 3013 promissorium
717 2932 754 2993 de
777 2953 810 2993 re
833 2932 1004 3012 impossibili
1019 2953 1095 3016 cog·

126 3015 198 3087 nito,
212 3015 260 3074 vel
274 3014 442 3074 existimate
462 3025 496 3090 ut
506 3013 567 3083 tali,
578 3083 580 3091 y
590 3025 636 3072 est
662 3011 822 3092 perjurium
844 3013 947 3074 stricte
962 3013 1093 3084 dictum,

127 3095 175 3157 cui
189 3095 275 3154 deest
287 3093 412 3154 veritus:
427 3109 494 3152 nem
513 3091 697 3168 convincitur
709 3111 768 3152 non
781 3093 891 3152 hebere
902 3093 1093 3154 voluntatem

128 3173 279 3254 implendi,
294 3173 411 3252 quando
420 3174 517 3252 jurem
527 3191 595 3231 nam
608 3171 646 3232 ad
660 3170 838 3250 impossible
852 3191 910 3231 non
924 3171 1011 3234 datur
1028 3174 1094 3234 elli-

110 3273 186 3315 ⁴cnx
199 3253 342 3313 voluntat

163 3333 227 3392 llI.
250 3332 330 3392 Hinc
344 3331 497 3403 conclude,
521 3331 585 3390 illos
609 3329 766 3400 debitores,
781 3329 832 3412 qui
851 3333 961 3410 jurant,
985 3351 1018 3392 se
1041 3352 1093 3392 so-

125 3415 239 3474 luturos
248 3411 379 3472 debitum
390 3411 466 3470 intra
478 3431 620 3480 mensem,
635 3409 685 3470 ubi
699 3421 798 3470 tamen
811 3410 971 3490 praesciunt
985 3409 1017 3472 id
1031 3412 1093 3472 sibi

127 3491 277 3552 moraliter
300 3477 363 3550 fori
380 3489 574 3570 impossibile,
591 3508 656 3550 cese
677 3491 817 3568 perjuros,
832 3495 858 3548 e
881 3489 1002 3569 insuper
1015 3511 1095 3584 pec-

127 3589 196 3632 cere
210 3569 374 3630 secundum
384 3569 527 3630 rationem
541 3569 712 3630 damnorum
725 3573 751 3628 u
764 3567 915 3639 malorum,
936 3589 1001 3648 quae
1015 3571 1094 3632 mde

127 3661 197 3711 nete
210 3659 279 3708 sunt
293 3648 386 3727 sequi.
590 3717 592 3722 ¹

167 3728 307 3790 Similiter
330 3739 457 3821 peccant
479 3725 604 3808 operarii
623 3727 767 3806 jurantes,
795 3744 827 3788 ee
855 3731 972 3810 operam
1001 3747 1093 3793 tuam

126 3809 307 3890 praeetituroe
331 3818 408 3866 rntra
421 3818 534 3867 certum
549 3819 676 3885 tempus,
692 3807 759 3868 crim
774 3819 873 3869 temen
887 3808 990 3878 sciant,
1006 3803 1038 3868 id
1052 3829 1091 3869 se

127 3910 185 3951 non
199 3907 285 3968 posse
296 3898 444 3968 prestare.
