2246 4096
146 174 202 232 192
479 193 520 234 nn
541 191 750 236 suasurum.

145 332 336 413 intelligendo
348 330 460 410 aliquid
473 331 562 403 aliud,
583 333 662 412 quod
674 353 733 394 non
745 331 826 402 fecit,
847 334 895 392 iel
908 331 996 392 aliam
1013 330 1092 390 diem

147 413 185 472 ab
206 431 250 481 ea,
274 412 304 470 in
326 431 385 490 qun
401 411 488 482 fecit>
506 414 554 474 vel
576 413 698 492 quodvis
722 413 803 472 aliud
824 413 956 471 additum
979 429 1094 479 verum,

147 491 252 552 reveri
263 511 322 552 non
335 491 485 562 mentitur,
499 512 555 554 nec
569 503 615 554 est
628 496 770 572 perjurus.
785 497 788 504 '
810 492 867 551 Est
878 494 926 550 26.

187 578 205 606 “
220 570 280 636 Qui
292 571 442 632 mediante
462 573 716 632 commendatione
728 572 777 632 vel
792 591 915 630 munere
929 570 968 630 ad
980 568 1096 646 Magis·

117 714 122 728 ,
148 660 260 710 tratum
272 651 329 714 *vel
350 651 475 714 officium
495 652 644 730 publicum
665 663 814 730 promotus
828 662 883 720 est,-
903 650 1016 728 poterit
1027 668 1097 708 cum

146 729 333 804 restrictione
346 731 467 792 mentali
485 742 625 809 praestare
642 733 851 809 juramentum,
873 730 951 808 quod
964 729 1003 788 de
1016 747 1098 787 man-

149 798 223 868 dato·
233 810 324 889 Regis
339 809 357 870 i
370 810 512 872 similibus
526 811 602 872 solet
615 810 703 888 exigi,
718 830 776 870 non
789 809 891 870 habito
904 818 1048 886 respectu
1060 808 1097 865 ad

148 887 341 951 intentionem
356 890 502 967 exigentis
513 915 521 959 ;
536 890 604 969 quia
616 909 675 950 non
688 897 808 950 tenetur
820 888 908 950 satori
919 887 1035 948 crimen
1051 905 1097 946 oc·

142 967 272 1028 cultum.
313 969 369 1028 Est
381 969 445 1030 28?
715 1010 719 1016 ι
753 1003 757 1030 ;

189 1047 331 1126 Ejusdem
354 1048 454 1110 farinae
477 1059 525 1108 est
543 1048 703 1128 propositio
724 1051 788 1108 Μ
808 1067 849 1108 ex
866 1067 924 1126 quo
936 1045 1095 1124 colligitur,

151 1143 210 1184 non
223 1125 286 1188 dari
295 1131 406 1205 justam
418 1147 536 1190 causam
550 1129 589 1188 ad
601 1129 644 1190 sic
653 1128 820 1207 jurandum.

190 1205 247 1268 111.
267 1207 400 1268 Observa
411 1207 469 1276 hio,
484 1219 572 1268 caute
580 1208 722 1286 legendos
731 1204 951 1276 erm-Lennium,
964 1203 1098 1264 Suaresi-

151 1305 209 1355 um,
220 1285 962 1379 aliosquepuisoripseruntante'oondcmnationern
972 1283 1098 1364 predio.-

151 1375 248 1426 tsrum
261 1366 492 1457 propositionum
500 1387 509 1424 r
518 1423 520 1426 .
529 1365 590 1426 imb
602 1349 694 1446 aliqui
706 1365 887 1430 recentiores
896 1363 1030 1433 cavendi,
1049 1361 1099 1440 qui

152 1441 317 1514 idoctrma
330 1446 467 1508 damnata
478 1445 635 1516 recedunt*
643 1446 786 1524 quantum
800 1443 922 1524 praecise
934 1443 1100 1520 adiguntur

151 1541 204 1602 per
217 1523 333 1583 literam
347 1525 408 1584 sive
422 1545 475 1604 per
488 1544 589 1585 casum
602 1543 793 1604 expressurus
812 1523 975 1584 retinentes
984 1521 1103 1583 interea

152 1603 257 1663 eadem
277 1603 438 1683 principia:
458 1604 562 1666 verum
586 1605 604 1663 a
624 1605 753 1667 Summis
776 1602 967 1664 Pontificibus
989 1599 1100 1660 melius

152 1682 250 1742 edocti
265 1683 407 1745 deberent
419 1699 531 1763 sapere,
545 1689 570 1742 ἃ
584 1684 748 1763 intelligere
770 1683 800 1742 in
824 1678 1102 1744 ossibusdamuatis

153 1761 238 1820 simul
252 1763 436 1842 reprobari&
450 1763 513 1843 ipsa
525 1763 678 1842 principia.
716 1773 718 1778 '
801 1773 804 1778 “
953 1797 956 1804 2

150 1919 191 1982 u.
204 1879 349 1987 rsa-,ns
368 1877 636 1986 Jusnmnnno
653 1895 747 1984 oum
758 1917 1105 1982 ¹rsnrrnunonoorn

556 2001 695 2064 REALI.
713 2027 716 2046 ι

151 2151 176 2216 1.
198 2157 301 2220 Status
409 2162 478 2222 'onis
490 2163 652 2240 exponitur.
691 2161 732 2220 II.
752 2160 920 2238 Responsio.
958 2156 1016 2215 ΙΙΙ.
1039 2155 1107 2214 Ro·

210 2241 258 2298 tio.
298 2239 314 2298 1
343 2239 408 2300 .S.
426 2241 545 2300 Isidori.
585 2241 621 2299 V.
644 2239 678 2299 S.
701 2239 783 2318 Any„
821 2239 874 2298 VI.
894 2236 1047 2308 Probatur
1067 2235 1106 2293 ab

211 2321 426 2380 inconvenienti.
467 2319 535 2379 VII.
551 2315 664 2398 *Opica
684 2318 709 2376 l.
734 2317 833 2377 *VIIL
859 2318 963 2396 Offeot.
976 2317 1005 2372 o.
1048 2315 1108 2374 IX.

216 2397 318 2475 Obici.
332 2401 360 2456 3.
401 2399 438 2458 X.
464 2399 567 2477 Oljoot
582 2405 618 2458 ¹4.
638 2413 646 2434 ³
664 2397 717 2456 XI:
737 2399 899 2476 Nunquam
920 2397 986 2454 licet
994 2395 1109 2473 jurare

209 2477 441 2556 amphibologias.
481 2479 550 2538 XII.
575 2478 669 2538 Casas
682 2478 784 2556 aliqui.

173 2623 177 2636 Χ
193 2635 253 2695 AN
276 2637 348 2700 licet
370 2637 400 2698 in
410 2641 580 2716 juramento
609 2637 653 2700 uti
672 2634 970 2716 amphibologiitsivc
984 2633 1111 2694 restric-

151 2713 233 2776 tione
245 2718 342 2776 reali?
755 2767 757 2770 .

192 2796 217 2854 1.
238 2796 338 2858 Status
353 2796 521 2874 quaestionis
532 2807 582 2859 est
593 2795 662 2856 hice
682 2794 859 2874 supponitur
875 2791 1041 2872 propositio
1055 2793 1111 2852 ali-

154 2894 212 2954 qua
225 2875 333 2936 habere
348 2875 505 2954 duplicem,
518 2875 709 2954 aequivocum,
724 2875 772 2934 vel
790 2873 958 2952 ambiguum
973 2891 1109 2939 sensum,

154 2955 309 3032 qualis-est
322 2957 404 3018 haeo:
419 2964 436 3019 ‘f
444 2955 504 3016 vidi
517 2964 645 3018 statuam
655 2973 774 3015 auream
787 2955 900 3014 hastam
910 2953 1073 3014 habentem
1083 2951 1112 3009 :”

156 3035 329 3112 supponitur
343 3035 458 3104 deinde,
473 3035 595 3113 quodcu
608 3034 687 3096 illam
697 3033 1112 3112 propositionemjuramento

155 3113 280 3174 affirmes
294 3115 324 3174 in
338 3125 397 3175 uno
410 3135 507 3184 sensu,
531 3115 585 3184 sed
599 3113 680 3193 quid
693 3114 776 3182 alter,
802 3113 851 3172 eui
860 3115 953 3190 juras,
966 3111 1050 3170 illnm
1065 3111 1111 3170 in·

158 3193 273 3271 telligat
288 3194 318 3254 in
332 3194 530 3263 alterosensu,
545 3193 635 3273 idque
648 3193 703 3254 tibi
713 3192 1008 3272 jurantisitnotum;
1036 3209 1067 3247 v.
1081 3211 1111 3268 g.

113 3277 116 3282 '
154 3273 232 3336 alter
245 3273 264 3334 ri
277 3285 308 3336 te.
321 3275 404 3352 petit,
419 3295 456 3334 an
469 3274 581 3338 videris,
589 3284 720 3336 ,statuam
741 3291 867 3340 auream,
891 3291 956 3348 qna
977 3269 1115 3330 habebat

154 3352 295 3416 hastam?
318 3364 351 3412 tu
364 3365 462 3414 autem
477 3352 645 3416 nonvidisti
659 3363 790 3412 statuam
799 3369 937 3418 auresm3
951 3349 1033 3411 &ita
1047 3369 1109 3408 res·

158 3433 289 3510 pondens
299 3435 391 3509 juras,
405 3433 465 3492 vidi
487 3441 504 3468 “
515 3442 640 3491 statuam
650 3451 768 3496 auream
782 3431 897 3490 hastam
918 3428 1119 3504 habentemss’,

156 3511 211 3570 sed
224 3511 363 3589 intelligis
374 3522 501 3572 statuam
514 3512 650 3590 ligneam,
671 3531 735 3589 quae
756 3511 885 3570 lubebat
904 3527 1030 3568 auream
1043 3509 1113 3566 has-

159 3603 233 3658 tam3
248 3611 335 3668 quem
344 3611 461 3651 sensum
472 3591 594 3668 praesata
599 3594 699 3669 jurata
706 3589 874 3668 propositio,
886 3587 948 3648 sine
959 3599 1115 3647 commata

157 3669 313 3747 interjecto
324 3670 445 3746 prolata,
459 3670 548 3734 etiam
563 3669 682 3746 patitur,
697 3670 750 3728 sed
765 3669 815 3746 qui
829 3687 935 3738 sensns
946 3666 1119 3726 distinctus

157 3760 206 3808 est
219 3747 237 3806 ia
250 3769 338 3840 sensu
351 3749 490 3831 petentis,
505 3759 592 3828 super
606 3761 777 3827 quotamen
790 3745 1040 3825 interrogaberis:
1067 3747 1116 3805 his

158 3839 325 3910 supposrtrr,
497 3839 500 3846 '
549 3843 551 3848 ’
