2230 4094
138 177 194 236 110
530 189 573 233 os
590 189 688 234 voro.

135 350 194 395 non
208 328 476 412 inpedit‘volorem
489 328 568 391 voti:
588 353 590 360 ’
610 331 650 391 uis
671 327 784 390 ratione
807 327 887 390 volet
907 341 1015 391 votum
1034 349 1109 394 ora·

136 413 225 476 tionis
238 411 356 483 vocalis,
369 407 529 472 lictt'forts
542 351 718 473 exinder'et
737 409 901 496 contemplo
906 410 1026 492 tionem
1037 431 1109 473 me-

135 494 257 554 lior‘em:
277 489 476 552 melius'en'im
497 499 544 549 est
566 507 650 550 omre
672 489 822 561 vocaliter,
865 509 934 550 uam
959 489 1005 552 sic
1040 511 1108 554 non

138 592 231 642 orare,
247 569 383 651 sepositis
397 569 461 630 aliis
474 567 608 628 omuibus
622 509 914 630 considerationssus

176 649 398 729 Quotuplioiter
412 647 520 709 dicitur
533 647 584 708 hic
594 647 706 730 aliquid
719 667 785 709 esse
798 650 907 708 bonum
921 647 1064 711 melius?

178 729 215 790 ll.
235 729 415 808 Dupliciter,
438 729 476 786 1⁰.
497 727 556 790 “in
570 727 631 798 se,”
650 730 692 786 2⁰.
713 725 926 806 “respective''

177 809 232 870 IV.
252 810 367 870 Bonum]
384 807 490 867 melius
511 806 567 866 “in
583 806 635 868 se”
654 807 716 866 sive
727 806 869 877 absoluto,
885 809 932 868 ost
945 827 974 866 v.
988 827 1021 888 g.
1038 827 1111 870 cas-

140 886 218 959 titas,
242 889 332 968 juxta
354 887 531 966 Apostolum
558 887 644 946 Lod
671 885 738 946 Cor.
759 889 788 944 7.
842 881 958 945 Bonum
986 888 1109 950 melius

139 965 363 1048 “respectivoss'
385 965 508 1035 scilicet,
531 976 671 1045 respectu
693 965 834 1036 voventis,
849 975 896 1026 est
907 982 936 1024 v.
949 985 979 1046 g.
993 969 1110 1028 matri·

139 1048 268 1110 monium
282 1056 423 1125 respectu
437 1048 509 1124 ejus,
524 1045 634 1124 dequo
655 1044 734 1105 ¹dicit
757 1045 918 1124 Apostolus
934 1047 959 1104 1.
973 1046 1015 1105 ad
1032 1047 1110 1108 Cor.

139 1133 167 1187 7.
181 1147 209 1186 v.
222 1127 251 1184 9.
271 1133 290 1163 “
300 1125 406 1184 melius
420 1135 467 1184 ost
477 1125 589 1184 nubere
604 1123 692 1204 quim
702 1123 747 1188 uri
758 1124 780 1194 ;''
802 1125 882 1202 quod
894 1135 997 1184 votum
1011 1125 1110 1187 Deus

139 1217 286 1288 acceptat,
300 1206 331 1264 in
345 1204 490 1284 quantum
503 1203 598 1284 magis
612 1203 798 1286 conducitod
808 1204 934 1288 sulutem
943 1207 1108 1266 voventis.

179 1285 216 1344 V.
239 1285 288 1344 An
303 1304 373 1362 ergo
386 1282 481 1342 omnis
494 1294 579 1342 actus
590 1285 687 1347 bonus
700 1293 817 1345 nonest
829 1283 1032 1344 materiavoti
1044 1287 1062 1345 Ρ

180 1365 219 1423 R.
240 1364 308 1424 Nou
335 1374 391 1432 est,
413 1362 469 1420 nisi
483 1363 635 1426 contiueat
659 1365 770 1424 bonum
792 1362 899 1422 melius
925 1362 1029 1434 inse,
1054 1366 1107 1426 vel

141 1441 496 1527 respectivs,veound1lm
517 1460 608 1521 supro
630 1441 718 1505 diota.
758 1441 807 1502 Ito
828 1441 933 1502 sedere
955 1442 998 1506 ad
1024 1445 1108 1506 telo

141 1523 223 1584 nium
236 1533 336 1604 potest
349 1541 415 1582 esse
429 1532 514 1582 actus
526 1523 641 1592 bonus;
661 1521 715 1582 sed
727 1541 781 1602 per
795 1541 827 1583 se
841 1540 900 1582 non
914 1525 1110 1586 estmateria

142 1602 213 1664 voti·
296 1639 299 1644 ’
406 1601 413 1610 ⁴
666 1637 669 1644 ’

186 1682 240 1741 VI.
262 1679 330 1760 obj.
351 1676 454 1762 Minus
467 1679 577 1742 bonum
590 1691 690 1758 potest
698 1679 850 1740 continere
865 1677 964 1742 actum
980 1679 1073 1743 virtu
1103 1728 1109 1736 .

143 1762 211 1902 Ddeo
224 1771 360 1842 gratumt
381 1778 451 1843 ergo
474 1771 576 1842 votum
600 1757 678 1822 illius
701 1759 759 1828 erit
781 1771 899 1840 gratum
918 1759 987 1826 Deo
1008 1767 1041 1822 δι
1058 1782 1110 1824 vu-

143 1842 164 1902 li
187 1861 245 1900 um.
919 1839 923 1848 “

183 1921 222 1980 R.
243 1920 334 1980 Cone.
358 1929 418 1978 ant.
441 1937 518 1997 nego
540 1937 659 1998 conseq.
700 1917 778 1984 Quia
800 1928 901 1981 votum
915 1917 990 1978 illud
1004 1922 1111 1981 conti·

144 2011 230 2060 neret
239 1995 568 2078 directoobligutionem
577 1997 786 2066 excludentem
795 2007 973 2076 potestatem
984 1998 1111 2062 licitam

145 2077 274 2140 faciendi
286 2079 397 2136 bonum
420 2077 536 2148 melius,
559 2081 585 2146 ἃ,
608 2077 665 2138 ista
684 2075 824 2158 obligatio
845 2097 903 2144 non
917 2088 1024 2156 potest
1042 2101 1108 2140 ess

143 2169 227 2236 gratu
240 2157 326 2216 Deo:
347 2155 437 2235 igitur
452 2155 532 2217 aliud
546 2168 593 2218 est
607 2157 744 2216 omittere
756 2152 1003 2230 bonumlmelius,
1015 2159 1107 2236 uliud

145 2235 260 2298 directo
274 2235 396 2315 obligari
410 2237 453 2312 ud¹
462 2235 536 2296 illud
549 2233 754 2296 omittendum.
971 2235 975 2242 '

186 2315 256 2378 vn.
278 2313 417 2390 Observa⁴
437 2317 477 2374 1⁰.
497 2315 537 2376 ad
549 2315 677 2379 valorem
700 2315 761 2383 voti
775 2313 916 2385 sufficere,
936 2333 992 2394 per
1016 2336 1057 2378 se
1072 2319 1113 2378 lo-

146 2396 270 2477 quendo,
285 2393 366 2473 quod
378 2393 451 2458 illud
460 2393 513 2462 fiat
525 2395 564 2455 de
576 2397 653 2456 bono
666 2395 779 2456 meliori
794 2403 812 2432 “
821 2393 852 2456 in
865 2391 925 2464 ss‚”
939 2409 1110 2473 quantum-

144 2476 189 2536 vis
204 2475 277 2536 illud
289 2476 398 2536 bouum
411 2494 469 2542 non
483 2487 563 2536 esset
571 2477 680 2542 honum
693 2475 798 2536 melius
819 2481 839 2536 .“
848 2472 1018 2555 respectin
1030 2475 1061 2546 ;”
1085 2483 1110 2535 δι

146 2557 188 2616 ito
200 2553 234 2626 is,
249 2552 297 2616 cui
307 2553 412 2614 melius
426 2565 506 2614 osset
518 2553 702 2618 matrimonio
716 2551 856 2632 copuluri,
868 2551 965 2636 validi
975 2547 1112 2616 'vovebit

237 2646 318 2696 tuam
331 2632 508 2704 castitatem,
522 2635 576 2704 sed
589 2633 708 2710 illicito:
722 2633 766 2706 sic
778 2631 875 2704 validi
889 2629 1047 2712 ptofessus
1063 2649 1112 2696 est

145 2653 193 2776 iles
236 2713 323 2783 osus,
334 2711 495 2800 cuimelius
507 2712 613 2787 fuisset
625 2709 684 2773 nou
696 2711 812 2792 ‘ingredi
821 2710 1026 2792 Religionem.

231 2793 272 2852 11.
292 2791 337 2852 Ut
350 2789 450 2852 autsm'
463 2803 564 2854 votum
578 2791 618 2854 sit
630 2783 798 2862 validum&
811 2789 897 2860 simul
909 2789 1043 2862 licitum,
1064 2814 1113 2854 re-

147 2869 272 2960 quiritur·
283 2882 319 2932 ut
330 2869 440 2947 bonum
448 2872 623 3010 promissum
637 2872 676 2933 sit
687 2869 792 2956 molius
806 2881 944 2952 respectu
953 2875 1113 2934 voventis.

187 2951 320 3028 Observa
332 2949 383 3021 2⁰,
406 2971 447 3030 qu
466 2951 487 3012 d
505 2951 562 3014 duo
578 2953 694 3032 objecto
713 2949 941 3032 contradictoria
957 2969 1023 3012 non
1039 2973 1096 3032 pos

147 3031 206 3092 sint
218 3031 304 3092 ombo
318 3049 383 3092 esse
397 3030 435 3092 de
447 3031 560 3094 meliori
579 3031 656 3104 bono
669 3030 700 3090 iu
713 3050 762 3099 se;
824 3050 874 3089 um
887 3041 988 3092 tamen
1001 3045 1096 3110 potes

147 3130 213 3206 osse
232 3113 342 3173 bonum
363 3109 468 3194 melius¹
482 3109 512 3174 iu
526 3131 569 3184 se,
591 3107 710 3174 &aliud
721 3051 831 3184 hon&
853 3109 960 3172 melius
980 3128 1095 3194 respec

148 3203 250 3254 tivum.
