2244 4082
266 173 269 181 ·
386 165 428 210 nn
449 164 595 210 amoram.
686 169 691 176 ·
910 151 968 222 861

37 329 101 378 eum,
115 307 164 387 qni
177 307 277 378 alium,
293 305 343 386 qui
356 308 438 386 priris
452 319 584 386 ternpore
598 306 705 368 obtulit
717 323 862 368 summam
876 307 969 370 mino-

36 411 88 451 rem
101 387 347 448 &Canonicatum
361 387 545 458 obtinuisset,
569 387 708 447 deturbat
728 386 876 448 afferendo
890 407 971 448 sum·

35 489 100 530 mam
111 470 261 546 majorem,
273 467 510 560 quarrrloqnidem
518 483 595 526 vexa
608 468 742 526 cessabat
756 479 898 546 respectu
911 467 969 528 Ec·

32 548 127 616 clesiae,
142 547 258 625 quaudo
278 545 328 606 rlle
351 547 425 606 alius
439 547 524 624 aeque
548 545 654 626 dignm
668 545 860 616 obtinuissetr
880 559 969 626 prout

33 631 159 689 observat
171 625 217 686 La
230 625 321 686 Croix
334 625 383 685 lib.
396 628 426 684 3.
438 645 468 684 n.
485 627 551 684 137.

65 707 98 766 X.
118 705 260 767 Similiter
274 716 453 767 excusantur
471 705 652 766 Pastores&
674 704 847 764 Beneficiati
867 706 897 765 in
911 705 970 768 Bo·

32 785 123 855 russia,
146 785 197 845 ubi
219 785 287 844 Rex
312 783 491 854 Haereticus,
514 785 564 862 qui
583 784 638 844 sibi
661 783 792 844 vindicat
811 797 970 862 praesenta·

32 865 132 926 tionem
141 864 365 934 Beneficiorum,
372 863 453 943 priris
464 863 558 942 exigit
568 875 666 923 texam
677 864 881 942 pecuniarum:
891 865 969 944 quia,

32 945 81 1006 etsi
93 943 320 1004 Beneficiandus
334 943 461 1004 necdum
473 944 582 1004 babeat
590 946 640 1024 jus
653 943 692 1002 ad
705 942 895 1013 Beneficium,
911 943 970 1004 Ec·

32 1023 112 1084 clesie
124 1023 216 1083 babet
222 1025 274 1102 jus
287 1021 452 1102 redimendi
462 1040 578 1092 vexam,
599 1041 639 1082 ne
650 1022 728 1082 forte
751 1023 789 1082 ad
802 1023 970 1084 Haeretioos

32 1103 214 1164 devolvantur
239 1102 404 1172 Beneficia;
430 1101 531 1182 itaque
553 1101 778 1162 Beneficiandns
805 1103 969 1163 nomine&

31 1183 87 1242 vice
101 1183 249 1243 Ecclesiae
260 1181 379 1242 redimit
391 1199 518 1242 vexam:
536 1193 571 1240 ut
593 1192 692 1242 antem
716 1199 837 1242 securus
850 1181 970 1244 nomine

32 1261 167 1324 Ecclesiae
180 1261 212 1320 id
224 1263 323 1332 faciat,
337 1266 362 1320 81
384 1281 422 1320 ne
443 1261 521 1322 forte
543 1260 606 1340 ipse
619 1260 716 1320 mimis
731 1261 836 1338 dignus
850 1273 973 1340 appetat
995 1255 998 1262 ¹

31 1341 215 1412 Beneficium,
230 1341 356 1420 desuper
365 1339 511 1419 judicium
524 1345 550 1398 dr
572 1359 747 1400 consensum
771 1340 910 1420 Episcopi
924 1359 970 1401 re·

31 1421 128 1498 quiret,
157 1439 195 1480 ne
230 1421 319 1480 etiam
352 1419 486 1481 videatur
512 1419 627 1500 privati
659 1419 838 1484 authoritate
857 1417 969 1500 agere.
1049 1421 1054 1438 ¹

30 1500 168 1561 Haeretici
182 1511 281 1560 eutem
294 1499 400 1559 similia
414 1499 573 1560 simoniace
587 1498 720 1578 exigunt.

62 1581 170 1660 lgnoro
186 1599 250 1656 ogo,
262 1598 320 1658 quo
333 1579 425 1639 titulo'
434 1579 575 1658 Princeps
587 1578 757 1639 Catholicus
771 1579 818 1638 rel
837 1578 969 1638 Ministri

30 1664 85 1738 ejus
98 1658 210 1719 similes
225 1671 308 1718 taxes
323 1669 443 1738 possent
467 1658 597 1738 exigere,
621 1658 684 1717 sine
697 1658 806 1736 praevio
824 1677 971 1718 consensu

30 1739 138 1799 Summi
167 1737 327 1808 Pontificio,
355 1739 540 1818 quantumvis
564 1739 603 1796 ad
624 1737 688 1816 pios
709 1757 789 1808 usus,
804 1738 834 1796 in
847 1737 969 1816 expedi·

29 1819 101 1877 tione
121 1818 171 1878 vel
192 1817 368 1878 admissione
394 1817 559 1877 litterarum
572 1816 797 1889 beneficialium,
811 1815 969 1876 ultrasoli-

30 1912 84 1958 tum
98 1897 284 1960 moderatum
297 1897 492 1956 honorarium.
878 1949 880 1956 ⁴

63 1975 124 2034 XL·
140 1976 226 2036 Alius
240 1977 343 2038 titulus
357 1976 489 2039 eximens
514 1975 532 2034 d
544 1975 667 2036 simonia
680 1985 726 2035 est
740 1975 871 2054 legitima
884 1989 969 2054 supe·

30 2057 106 2116 rioris
122 2055 292 2134 dispositio:
314 2056 356 2116 ita
369 2055 525 2134 aliquando
539 2075 578 2116 ex
592 2055 742 2115 Beneficio
756 2056 842 2114 datur
854 2059 880 2113 dl
893 2055 970 2133 acci·

29 2137 101 2214 pitur
110 2136 234 2214 pensio;
252 2135 296 2196 ita
310 2135 339 2194 in
354 2135 535 2196 absolutione
549 2136 567 2194 d
580 2133 713 2195 censuris
733 2135 781 2194 vel
803 2135 833 2192 in
854 2135 971 2214 dispen-

29 2215 139 2275 satione
153 2214 421 2302 impedimentijaut
441 2215 510 2276 voti'
521 2215 680 2308 imponitur
701 2233 774 2293 opus
788 2213 867 2292 pium
882 2234 971 2293 pecu·
1072 2256 1083 2273 ,

27 2295 158 2365 niarium,
173 2295 340 2374 similesque
353 2295 424 2354 alias
439 2294 643 2374 disposrtrones
657 2294 820 2372 praescribit
833 2293 970 2354 Pontifex

27 2395 61 2466 ex
74 2393 222 2468 suprema,
237 2393 324 2454 quam
337 2374 436 2446 habet,
459 2376 601 2434 bonorum
626 2373 899 2434 Ecclesiasticorum
920 2371 971 2432 ad·

26 2465 247 2514 mmrstratrone.
331 2465 333 2470 '

114 2655 116 2660 ’
181 2631 221 2692 N.
241 2633 309 2691 209.
348 2629 813 2695 DEPALL11ss1MON1AE.

291 2791 316 2850 1.
341 2791 521 2852 Consuetudo
534 2811 591 2850 non
599 2791 724 2870 prodeat.

58 2929 172 2995 QUID
187 2949 274 2990 vocas
287 2929 374 3010 pallia
387 2930 541 2990 simonie?
591 2977 593 2982 .

62 3009 101 3068 R.
125 3009 240 3069 Titulos
254 3021 439 3090 apparentes,
464 3009 518 3070 sed
540 3027 598 3070 non
622 3009 825 3079 subsistentes,
840 3011 894 3068 sub
909 3010 971 3088 qui-

23 3089 76 3148 bus
91 3089 238 3168 implicita
250 3090 325 3150 latet
338 3090 420 3150 labes
435 3088 573 3148 simoniae.

60 3169 243 3248 Hujusmodi
265 3181 352 3229 sunt:
385 3168 553 3239 liberalitas,
578 3167 631 3229 sed
655 3167 684 3225 in
705 3168 974 3246 pactumdeducta.

26 3247 100 3307 Vide
116 3267 196 3307 num.
209 3251 278 3306 205.
527 3271 530 3276 ·

60 3327 143 3388 Item
156 3327 247 3398 labor,
262 3328 317 3388 sed
330 3327 505 3387 intrinsecus
519 3327 566 3387 vel
575 3325 701 3386 debitus.
722 3325 799 3386 Vide
809 3327 897 3385 Num.
906 3328 974 3386 207.

61 3407 144 3467 Item
159 3407 262 3466 titulus
276 3407 455 3486 indigentie,
469 3407 589 3485 pietatis
601 3406 647 3466 vel
658 3405 851 3476 necessitatis,
865 3409 976 3486 absque

27 3485 64 3544 Su
108 3486 194 3546 rioris
207 3487 395 3546 authoritate.

78 3577 144 3626 tem
159 3565 238 3642 Usus
247 3565 295 3626 vel
305 3565 490 3626 consuetudo
498 3563 679 3645 aliquormn:
692 3576 849 3643 propterea
857 3565 931 3626 dicit
947 3569 976 3628 S.

26 3643 132 3704 Thom.
155 3645 185 3702 2.
198 3647 228 3703 2.
242 3665 271 3724 q.
294 3647 359 3703 100.
380 3656 433 3704 art
455 3647 483 3702 2.
498 3645 528 3704 in
544 3664 570 3704 c.
591 3644 740 3704 “Crimen
754 3644 884 3703 simonia
895 3647 977 3706 nulla

24 3734 127 3798 potest
139 3725 354 3784 consuetudine
377 3724 523 3794 excusari,
547 3724 615 3804 quia
635 3723 819 3784 consuetudo
829 3743 889 3784 non
904 3743 963 3802 prae

19 3802 138 3878 judicat
147 3804 208 3884 juri
221 3805 348 3866 naturali
361 3804 409 3864 vel
424 3803 547 3864 divino.’'
