2246 4096
578 115 598 152 N

324 221 486 265 oreosrrrs
509 219 688 264 narremur.
926 205 982 262 aal

63 357 95 420 si
109 359 174 421 sine
189 361 344 423 sufficienti
359 381 448 423 causa
460 360 655 423 adhibeantur
670 375 772 432 sortes,
788 355 983 422 committitur

29 451 187 516 peccatum
201 442 372 502 tentationis
387 441 455 506 Dei.
988 450 991 460 ⁴

64 517 126 576 lv.
143 521 275 582 “Sortes
298 521 505 592 divinatoriae‚”
530 521 592 580 sive
607 519 832 598 “sortilegium’'
848 521 982 582 commit-

27 597 106 670 titur,
119 601 237 676 quando
247 599 353 662 notitia
361 602 403 661 rei
415 599 538 660 occulta
549 601 597 660 vel
606 613 729 660 eventus
740 601 832 660 futuri
844 601 983 680 quaeritur

26 695 61 736 ex
76 690 179 739 nostra
192 681 308 742 actione
323 681 400 741 serid
414 679 519 759 posita,
535 681 607 739 nihil
622 680 691 741 illuc
705 679 891 758 pertinente:
913 701 940 738 v.
955 703 984 774 g.

26 757 95 814 dum
114 758 273 842 inquiritur
287 779 340 843 per
360 761 473 846 jactum
487 759 567 832 aleae,
592 761 640 820 vel
654 781 692 821 ex
707 760 807 838 figuris
828 759 938 840 plumbi
955 780 984 818 m

25 855 131 914 aquam
146 840 278 922 projecti,
293 839 340 900 vel
352 859 390 900 ex
399 839 551 922 apertione
561 839 636 909 iibri,
652 840 717 923 quis
725 839 841 898 futurus
850 839 983 898 *sit'Con-

25 916 78 1052 {qb
94 918 161 1054 qugs
174 919 285 1000 furtum
300 919 469 1002 patraverit,
489 924 541 980 &c
583 919 655 1000 Cap.
680 927 698 956 “
710 918 778 977 Non
792 917 879 979 licet”
904 939 983 979 caus.

105 1155 144 1214 N.
165 1159 233 1217 188.
268 1157 326 1222 DF.
348 1157 475 1218 VANIS
497 1155 905 1238 OBSERVATIONIBUS.
928 1197 936 1210 .

342 1317 376 1378 S.
396 1315 495 1377 mom.
505 1319 533 1375 2.
546 1319 574 1375 2.
582 1336 610 1396 q.
620 1318 668 1375 96.

303 1480 326 1538 l.
346 1467 537 1540 Obseruantia
550 1486 708 1535 eventuum.

61 1637 193 1698 Sanctus
208 1637 312 1698 [lbom.
327 1645 387 1701 tres
401 1637 515 1716 species
530 1655 668 1696 vanarum
683 1637 918 1696 observationum
933 1657 977 1698 as-

22 1715 130 1794 signat,
145 1717 260 1778 scilicet
274 1725 292 1755 ‘⁸
302 1729 396 1779 artem
411 1716 563 1790 notoriam,
578 1715 793 1776 observantiam
807 1717 976 1787 sanitatum,

22 1798 278 1860 &observantiam
292 1795 477 1858 eventuum.'’
671 1801 674 1814 '

58 1875 84 1934 I.
109 1875 307 1937 Obseruantia
320 1889 480 1938 eventuum
494 1887 550 1945 est,
568 1875 627 1954 qud
639 1873 792 1936 fortuitum
806 1873 918 1954 aliquid
931 1877 981 1936 ob·

22 1956 145 2018 veniens
167 1957 311 2038 accipitur
334 1970 472 2038 tanquam
496 1956 617 2036 signum.
634 1954 758 2032 alicujus
780 1957 847 2036 p'ros
886 1955 912 2014 ri
934 1956 981 2016 vel

22 2035 140 2097 adversi
151 2039 285 2099 eventds.
315 2035 493 2118 Hujusmodi
504 2035 640 2115 exempla
653 2035 775 2098 adducit
790 2035 819 2095 S.
861 2035 939 2095 bom.
953 2057 980 2097 a

21 2117 47 2172 3.
57 2135 123 2196 arg.
138 2123 155 2153 ‘⁴
166 2117 221 2176 sed
229 2113 362 2192 'donuae’⁸
387 2116 411 2175 si
419 2117 546 2196 junctim
558 2115 774 2178 ambulantibus
792 2115 894 2175 amicis
905 2115 978 2194 lapis

21 2205 71 2254 aut
96 2195 180 2255 canis
201 2195 408 2264 intervenerit;
436 2195 554 2255 domum
575 2191 721 2254 redire'si
742 2193 846 2254 exiens
870 2193 978 2276 pedem

22 2273 198 2344 offenderit;
211 2280 236 2334 a
247 2275 385 2335 similium
396 2274 495 2345 millia,
505 2275 548 2334 ait
556 2275 586 2334 S.
595 2275 674 2352 Aug.
681 2273 741 2334 buc
751 2281 869 2353 spectat
876 2277 975 2336 obser·

21 2354 99 2414 vatio
114 2354 228 2416 dierum
240 2354 457 2416 faustorumvel
466 2353 669 2423 infaustorum,
678 2373 717 2414 ex
736 2373 795 2434 qua
804 2375 832 2412 v.
841 2375 870 2434 g.
885 2354 975 2434 aliqui

20 2452 93 2512 opus
109 2433 257 2514 quoddam
272 2435 320 2496 die
333 2435 410 2494 lunae
424 2433 554 2512 incipere
568 2433 680 2493 nolunt.

57 2513 130 2574 Hoc
138 2513 243 2574 vitium
254 2527 300 2574 est
310 2535 349 2574 ex
358 2533 467 2594 genere
478 2533 531 2576 suo
540 2524 695 2592 peccatum
706 2511 838 2583 mortale,
845 2515 934 2591 juxta
943 2513 974 2574 id

21 2593 68 2651 Po.
82 2595 134 2652 39.
148 2613 176 2651 v.
190 2597 219 2652 7.
233 2601 252 2630 ‘⁴
266 2595 365 2654 Odisti
380 2595 569 2671 observantes
591 2592 736 2652 vanitates
757 2593 939 2670 supervacue
950 2591 974 2651 :''

19 2692 98 2808 appe
113 2684 213 2734 tamen
228 2674 380 2754 continget
394 2693 459 2734 esse
473 2672 587 2734 veniale
596 2693 640 2732 ex
655 2671 818 2752 ignorantia
841 2671 975 2732 aut'aim·

50 2751 166 2812 icitate.

21 2771 38 2829 p
59 2831 205 2892 Similiter
221 2832 306 2892 Suar.
319 2837 346 2892 a
359 2833 407 2892 W.
427 2831 445 2891 a
458 2831 574 2891 mortali
593 2841 738 2890 excusant
752 2851 811 2901 eos,
826 2831 876 2910 qui
901 2852 975 2890 som-

19 2908 74 2970 niis
85 2915 112 2970 dr
125 2912 210 2971 vanis
224 2912 315 2991 signis
329 2933 387 2972 non
400 2911 533 2980 credunt,
543 2910 597 2970 sed
607 2922 705 2970 tamen
717 2922 874 2988 propterea
884 2911 902 2970 a
911 2912 974 2989 qui-

19 2989 144 3052 busdam
158 2991 318 3061 abstinent,
333 3003 367 3056 ut
380 2990 440 3053 sint
452 2991 538 3051 liberi
551 2991 570 3049 a
583 2991 688 3050 timore
706 2995 732 3047 a
746 2989 976 3069 perturbatione.

98 3187 138 3248 N.
152 3191 217 3250 189.
229 3190 288 3250 DE
309 3187 611 3251 OBSERVANTIA
634 3189 896 3250 SANITATUM.

297 3349 332 3409 a.
348 3348 484 3450 roone-rs.
493 3351 521 3408 a.
533 3369 562 3427 q.
572 3351 621 3407 oo.
630 3369 659 3408 a.
673 3351 701 3407 a.

22 3489 43 3546 L
63 3487 219 3568 Definitio.
249 3489 299 3550 .11.
319 3490 443 3570 Damon
458 3487 635 3566 adhibetur
647 3509 755 3548 werae
795 3487 852 3548 111.
880 3488 974 3548 Cere·
1041 3550 1044 3561 Ι

75 3570 181 3628 monice
190 3570 232 3627 ad
245 3567 280 3627 S.
295 3567 421 3662 liuberti
434 3588 493 3627 aon
505 3577 575 3627 ruat
584 3571 729 3647 mperetit
750 3567 803 3628 1v.
817 3568 895 3630 Usus
901 3569 973 3646 pul-

75 3651 151 3708 veris
163 3647 369 3728 mnemia.

57 3805 170 3870 QUID
185 3817 232 3868 est
246 3807 431 3868 observantia
445 3807 631 3868 sanitatum?

54 3885 79 3942 I.
92 3885 128 3946 R.
141 3886 197 3946 Est
206 3887 398 3966 quorumdam
407 3887 571 3960 verborum‚
577 3887 788 3959 characterum,
798 3887 967 3966 figurarum,

486 3985 507 4026 u
