2246 4096
146 143 205 202 190
480 157 522 200 or
543 151 752 201 summanus.

67 297 74 310 '
142 299 395 380 quitur-obligatio
408 297 618 363 restitutionis:
641 297 690 360 ille
702 309 803 362 autem
816 296 942 361 intentio
965 297 1028 358 sive
1041 317 1089 358 vo

136 383 238 440 luntas
252 400 311 440 non
332 398 364 437 se
379 377 527 455 obligandi
548 389 595 436 est
607 377 750 439 inefficax.
790 378 916 455 Insuper
930 378 989 438 tale
1009 379 1090 454 jura

142 471 274 520 mentum
282 458 345 518 fieri
359 478 417 522 non
427 458 504 528 solet
512 457 575 524 sine
585 457 666 534 grati
673 463 806 536 peccato,
822 468 854 518 ut
865 457 974 517 docent
983 456 1093 520 Snnrez

143 545 169 598 dt
183 538 403 616 Lessius:.qnia
416 547 521 604 natura
529 537 690 614 juramenti
700 537 864 605 invertitur,
878 536 1029 600 &videtur
1043 539 1093 596 air

145 638 210 678 esse
224 618 359 676 voluntas
373 617 533 696 implendi:
556 616 586 674 in
599 616 654 676 hac
668 636 700 675 re
715 616 852 675 damnata
865 627 912 674 est
925 635 1001 682 anno
1018 617 1094 674 1700

142 697 162 758 ri
177 699 264 758 Clero
279 697 431 758 Gallicano
444 697 508 764 haec
521 715 621 774 prop:
652 704 668 732 “
683 695 743 760 Qui
752 698 833 772 jurat
847 715 914 756 cum
923 694 1094 756 'intentione

145 797 203 838 non
217 797 249 838 se
263 776 419 854 obligandi,
434 797 492 834 non
505 775 701 853 obligotmex
713 774 742 832 vi
751 773 936 852 Juramentil’
952 774 1021 834 Biil.
1034 776 1094 832 340

185 857 292 916 Restat
303 856 425 934 quaestio
436 857 473 915 de
483 858 651 934 juramento
659 855 722 915 sine
737 853 900 914 intentione
910 854 1041 936 jurandi,
1057 853 1094 917 de

143 955 203 1014 qno
217 937 256 996 sit
269 955 411 996 numerus
425 954 563 1014 sequens⁸¹

238 1115 282 1192 N.
304 1135 369 1192 157.
404 1083 462 1192 on
483 1111 744 1194 Junnmnnro
767 1131 995 1196 stitutum.
1077 1185 1080 1192 .

130 1294 169 1351 t.
192 1293 303 1370 Opinio
327 1292 450 1352 Sorores.
490 1255 532 1350 11ss
555 1271 715 1370 OpinioS
757 1302 827 1350 aert.
867 1287 922 1350 ΙΙΙ.
942 1289 1100 1350 Probatur

162 1377 165 1384 '
204 1372 319 1430 Juram.
346 1373 512 1430 simulatum
535 1371 668 1446 obiiqore.
708 1371 723 1432 I
752 1369 953 1448 .Disparitos
974 1391 996 1428 a
1026 1371 1100 1430 Volo

152 1465 175 1515 j
190 1453 277 1530 ficto.
317 1451 353 1508 V.
373 1450 665 1532 Jurom.simulotum
677 1457 873 1530 estpeocutnm
886 1449 1013 1510 mortale
1046 1449 1101 1508 vl.

203 1531 369 1626 Propositio
382 1528 529 1616 damnata.
558 1599 560 1606 Ι
892 1546 895 1554 ·
1036 1545 1040 1550 ·

184 1648 250 1710 AN
265 1651 465 1728 juramentum
479 1648 647 1710 simulatum
659 1649 771 1710 factum
785 1669 838 1727 per
857 1650 947 1714 rerba
959 1648 1103 1712 exterius

85 1797 88 1805 Α
143 1729 223 1790 serio
237 1729 358 1808 prolata,
373 1729 426 1788 sed
439 1748 507 1788 cum
518 1728 681 1794 intentione
695 1729 826 1790 interiori
834 1749 893 1788 non
903 1727 1040 1807 Jurandi,
1053 1739 1105 1788 est

145 1830 247 1870 verum
257 1815 456 1888 juramentum
471 1808 731 1886 &obligatoriumi

158 1941 161 1948 .
187 1891 214 1949 1.
234 1889 273 1948 R.
288 1888 405 1958 Suarea‘,
420 1887 568 1966 Wiggers‚
581 1887 690 1966 aliique
704 1887 884 1966 respondent
896 1885 1048 1965 negative,
1065 1885 1106 1946 eti

147 1967 227 2048 quod
235 1971 437 2046 juramentum
451 1967 568 2028 invocet
581 1966 781 2026 testimonium
794 1967 862 2035 Dei,
878 1967 928 2045 qui
948 1967 1106 2026 internam

147 2047 342 2108 intentionem
351 2045 465 2124 aspicit,
476 2045 555 2108 &ita
566 2047 628 2110 sine
642 2046 804 2108 intentione
813 2045 933 2124 jurandi
944 2065 1107 2130 nunquam

147 2130 267 2186 'uratur
952 2131 954 2143 '

142 2148 154 2206 J
185 2207 225 2264 11.
239 2205 375 2286 Steyaert
389 2209 415 2262 a
425 2205 570 2264 Daelman
583 2225 631 2264 res
669 2205 802 2265 nsionem
816 2205 1016 2265 affirmativam
1032 2225 1109 2282 pro-

140 2285 281 2346 babiliter
296 2284 468 2354 defendunt,
492 2285 562 2344 dum
576 2284 627 2344 iliu
658 2287 859 2362 juramentum
880 2285 1055 2345 simulatum
1070 2285 1109 2344 fit

146 2364 274 2424 homini:
299 2365 431 2442 quumvis
445 2363 523 2422 enim
537 2383 595 2422 non
608 2364 686 2424 adsit
699 2363 824 2423 intentio
838 2384 988 2442 expressa,
1012 2365 1111 2424 adest

147 2455 245 2503 tamen
257 2443 381 2502 intentio
395 2444 510 2502 interna
520 2443 662 2522 implicite
675 2448 701 2501 a
710 2443 844 2502 voluntas
855 2435 958 2504 efficax
967 2443 1111 2522 jurandi,

146 2544 182 2588 so
196 2523 269 2602 ipso,
294 2543 352 2600 quo
366 2522 430 2598 ¹vult
451 2523 609 2592 efficaciter
623 2527 649 2580 u
662 2522 741 2596 serio
763 2523 893 2614 proferre
907 2525 1006 2592 verba,
1034 2543 1112 2601 quae

146 2603 300 2664 continent
324 2621 441 2662 sensum
461 2602 644 2679 juratorium‚
666 2607 693 2662 dr
707 2602 749 2662 ita
761 2602 887 2662 intentio
901 2623 958 2662 non
977 2603 1112 2680 jurandi

131 2677 281 2742 'redditur
305 2681 439 2741 inefficax
461 2701 513 2760 per
536 2682 730 2742 intentionem
754 2681 925 2760 implicitam
947 2681 1112 2742 efficacem

149 2762 271 2822 'urendi
333 2785 336 2790 ¹
583 2793 585 2802 =
704 2790 707 2802 ·
724 2797 727 2810 ι
790 2821 792 2824 ,
912 2771 915 2784 “

143 2783 156 2840 J
186 2841 242 2901 111.
256 2841 401 2900 Probatur
414 2841 478 2900 haec
491 2840 641 2900 conclusio
654 2841 758 2900 iisdem
773 2841 963 2920 argumentis,
978 2840 1110 2918 quibus,

148 2923 178 2979 in
202 2921 346 2980 Tractatu
360 2920 398 2980 de
422 2921 622 2980 contractibus
643 2923 792 2998 probatur,
815 2921 928 2980 validos
940 2939 1007 2982 esse
1034 2941 1115 2980 con-

148 3011 260 3060 tractus
270 2999 347 3058 inter
355 3000 497 3069 homines,
513 3000 584 3058 dum
596 3000 826 3060 omniaexterna
840 3001 1010 3060 contractus
1020 3001 1114 3060 serio

147 3090 304 3158 ponuntur,
327 3080 514 3158 quantumvis
537 3079 646 3157 absque
668 3079 831 3140 intentione
853 3079 969 3138 interna
982 3091 1115 3138 contra-

148 3159 246 3220 hendi.
287 3159 328 3218 Et
342 3159 384 3217 ito
392 3159 573 3236 judicabitur
588 3161 618 3218 in
632 3159 696 3218 foro
709 3168 842 3218 externo.

186 3237 239 3296 1v.
254 3237 321 3316 Obj.
335 3235 445 3298 Votum
459 3239 522 3297 sine
537 3238 700 3298 intentione
711 3239 826 3304 interna
839 3237 964 3299 vovendi
976 3256 1043 3298 non
1061 3250 1114 3302 est

148 3317 284 3386 validum,
299 3336 368 3394 ergo
382 3337 438 3376 nec
452 3318 618 3395 hujusmodi
628 3321 848 3396 juramentum..
1024 3329 1027 3334 '

186 3397 223 3454 R.
238 3395 376 3456 Concedo
386 3409 446 3456 ant.
459 3417 535 3475 nego
549 3417 667 3476 conseq.
675 3398 750 3456 ratio
760 3397 939 3476 disparitatis
948 3407 1003 3466 est,
1019 3397 1117 3474 quiid

147 3475 240 3544 Deus,
262 3475 312 3552 qui
327 3475 441 3536 interna
454 3477 539 3554 aeque
552 3496 590 3552 ac
603 3489 727 3538 externa
740 3477 874 3547 intuetur
887 3496 946 3536 non
959 3489 1117 3554 acceptet

148 3555 207 3616 tale
220 3565 340 3622 votum
361 3555 415 3613 sed
433 3558 635 3634 juramentum
649 3557 721 3616 iliud
744 3555 971 3624 fictumhomini
985 3553 1116 3616 factum

147 3633 322 3714 supponitur
336 3633 485 3712 acceptari
498 3637 534 3694 ab
549 3637 675 3696 homine.
952 3695 971 3702 Δ,

187 3712 322 3852 Ιηεωὲἰε,
341 3709 529 3852 Βὲυεεῐίωη
541 3733 600 3776 non
614 3721 751 3794 acceptat
765 3715 822 3778 tals
833 3718 1038 3796 juramentum
1054 3714 1116 3780 fic·

147 3813 232 3874 turn.v
287 3811 349 3870 rgo,
390 3812 415 3852 c.
443 3840 446 3848 .
898 3811 900 3816 ·
