2246 4096
355 185 396 228 nr
416 181 623 234 sumnum.
903 170 961 234 217

39 353 43 358 ¹
63 323 146 402 vult
171 327 281 390 Cessat
301 325 441 407 obligatio
456 327 626 408 juramenti,
648 339 784 392 comante
803 326 863 390 fine
879 329 970 392 totali

24 407 172 500 eomplete,
186 407 256 486 quia
268 418 341 500 tunc
354 408 478 500 materia
489 407 650 501 formaliter
659 420 791 502 mutatur
804 409 971 472 &redditur

26 487 138 556 munla,
152 486 286 565 adeoque
299 487 595 566 mdebrtajuraments
605 497 747 558 motem
767 486 875 555 deinde
885 499 969 552 merra

23 565 195 662 rationabilis
204 566 331 658 jurantis
344 585 409 658 non·
417 566 641 660 comprehendit
661 586 746 630 cesus
760 567 844 629 illos:
864 569 934 630 hinc
945 571 970 634 si

24 664 161 738 quopiam
170 657 315 745 jurarent
328 665 387 706 non
400 647 516 740 mgredr
530 647 650 708 domum
669 646 823 742 quandam,
838 647 875 710 ed
889 649 970 730 qudo

24 735 185 865 nitnpopms,
209 725 293 786 licite
315 725 440 786 eandem
463 725 637 805 mgreditnr‚
664 745 690 786 sr
709 726 826 788 desinat
838 747 904 790 esse
918 749 970 810 po-

57 881 108 942 1x.
129 883 239 946 Cessat
247 884 390 963 obligatio
398 884 570 963 juramenti,
591 883 620 945 si
632 883 762 946 conditio
776 889 971 968 expressavel

31 963 235 1026 subintellecta
268 969 295 1023 u
331 960 503 1044 suspensius
534 963 719 1044 obligationis
754 984 814 1028 non
840 979 974 1046 potamum

27 1041 97 1104 Vide
110 1042 195 1104 diota
215 1043 305 1102 Num.
321 1045 387 1102 149.
491 1093 492 1098 ,
727 1067 731 1074 ·
926 1045 928 1050 ’

57 1121 93 1182 Χ.
114 1121 261 1184 Similiter
283 1126 485 1201 juramentum
508 1123 590 1184 mere
613 1123 810 1190 memorium
832 1138 972 1205 respectu

26 1203 191 1262 unuactos
204 1213 256 1262 aut
269 1201 455 1281 obligationis
467 1203 629 1282 cujusdem.
644 1210 747 1267 cessat
754 1217 890 1266 cessante
904 1225 973 1266 oon·

28 1291 139 1342 mmo:
159 1281 396 1352 bincconolude,
423 1281 505 1362 qudd
518 1281 544 1341 si
567 1282 633 1361 quis
655 1283 800 1362 sponsalia
821 1285 973 1347 confirma·

25 1360 94 1420 verit
101 1363 283 1440 juramento,
295 1361 481 1422 cessantibus
495 1361 558 1421 sive
566 1360 670 1422 solutis
680 1363 862 1440 sponsalibus
877 1379 975 1428 cesset
1024 1403 1026 1406 -

23 1443 235 1532 juramentumr
252 1444 454 1520 jurameutum
468 1440 540 1502 vero
553 1459 608 1520 per
623 1453 750 1513 aestans
776 1462 835 1502 non
857 1461 974 1524 setuper

25 1531 61 1579 ita
73 1532 167 1580 cusat.

58 1598 111 1657 XI.
136 1599 275 1678 Denique
284 1602 485 1680 juramentum
499 1610 597 1668 cessat
610 1601 647 1664 ab
667 1599 751 1662 initio
764 1619 818 1680 per
833 1604 975 1666 recusati·

26 1697 105 1738 onem
121 1697 177 1740 seu
189 1699 248 1742 non
262 1680 497 1758 acceptationem
521 1681 594 1758 ejus,
619 1671 648 1738 in
675 1681 758 1818 crpus
782 1680 912 1742 favorem
925 1683 976 1752 fin

26 1757 83 1816 &si
97 1759 308 1838 acceptaverit,
333 1758 462 1819 cessabit
523 1778 538 1817 r
561 1761 624 1840 ejus
646 1777 701 1818 oon
723 1759 889 1822 ouationem
913 1761 976 1824 sive

25 1837 232 1908 remissionem,
253 1839 322 1917 qula
347 1777 522 1917 hujusmosie
536 1837 666 1899 conditio
680 1857 796 1918 semper
809 1838 886 1900 inest
895 1844 976 1921 jura·

26 1929 123 1978 mento
137 1917 324 1996 cuicumque.
364 1917 526 1996 Propterea
538 1917 564 1982 si
576 1917 706 1978 Joannes
717 1919 828 1997 juravit
837 1919 907 1980 dare
920 1921 977 1984 Pe-

28 2009 69 2056 tro
82 1997 191 2060 decem
204 1998 337 2067 florenos,
359 1997 467 2058 Petrus
485 1997 761 2076 potestremittera.
865 2072 866 2076 Ἰ

62 2077 169 2137 imavi
197 2078 287 2137 Petro
313 2095 361 2140 me
388 2075 526 2137 daturum
556 2076 647 2137 Paulo
671 2078 736 2156 ejus
758 2075 841 2138 fratri
854 2075 977 2140 librum:

33 2154 768 2315 mutuat
784 2157 966 2317 aut

29 2315 96 2374 tiam
113 2315 269 2384 Petricui
282 2314 492 2394 gratitudinem
501 2319 529 2374 tr
542 2314 683 2394 obsequia
696 2315 799 2385 debeo,
814 2327 886 2377 tunc
900 2330 979 2378 uter·

30 2415 81 2471 que
95 2413 152 2456 seu
167 2395 367 2473 unusquisque
381 2393 444 2454 sive
459 2394 567 2458 Petrus
574 2393 637 2454 aive
648 2393 756 2455 Paulus
769 2406 867 2476 potest
880 2396 979 2457 remit

28 2485 105 2534 tere:
126 2474 151 2534 si
172 2473 203 2534 id
211 2473 370 2554 juraverim
384 2475 475 2534 Petro
489 2473 584 2533 soltlm
597 2485 631 2534 ut
645 2473 724 2544 testi,
749 2491 807 2534 non
821 2473 934 2536 directe
947 2475 978 2534 in

28 2553 149 2629 gratiam
164 2553 255 2624 Petri,
277 2565 348 2614 timo
363 2551 482 2624 Paulus,
496 2572 554 2614 non
568 2553 675 2614 Petrus
689 2551 825 2616 remittit.

245 2771 284 2830 N.
306 2773 372 2834 rto.
394 2769 753 2838 QUAESTIUNCULAE

64 2957 94 3010 t.
115 2947 260 3018 QUALE
281 2947 338 3010 fult
354 2951 565 3030 juramentum,
589 2969 626 3011 an
650 2950 839 3010 assertorium
862 2969 901 3011 an
913 2971 979 3031 pro·

29 3031 203 3101 missorium,
217 3031 297 3109 quod
308 3031 382 3092 fecit
400 3029 544 3092 Jonetbas
559 3027 667 3099 David,
691 3037 716 3089 l.
736 3029 813 3110 Reg.
832 3031 880 3090 20.
902 3051 929 3090 v.
952 3033 981 3104 2.

29 3120 45 3146 ‘⁶
55 3110 143 3180 absit,
158 3129 215 3170 non
229 3110 383 3170 morieris?

66 3192 97 3248 2.
118 3189 338 3266 Quotupliciter
352 3201 452 3268 potest
463 3187 527 3250 lieri
537 3192 737 3268 jruementum
745 3193 981 3268 percreatum?

66 3271 97 3328 3.
118 3271 169 3328 An
183 3268 246 3328 ltaec
260 3271 365 3328 verbe:
381 3272 451 3348 iuro
465 3269 495 3328 in
511 3280 602 3348 eaput
615 3287 724 3337 meum,
752 3269 926 3330 contineant
934 3273 983 3349 ju·

30 3349 218 3408 ramentum?
241 3347 349 3426 quale?
371 3353 397 3406 tr
411 3347 483 3428 qaid
496 3347 687 3427 significent?

66 3433 96 3486 4.
119 3427 247 3506 Assigna
260 3427 379 3506 aliquid,
407 3427 486 3508 quod
496 3437 543 3488 est
556 3425 680 3490 materia
692 3445 787 3508 capax
801 3427 925 3506 legitimi
936 3432 984 3507 ju·

32 3506 304 3576 menusanum
317 3507 400 3570 voti?
529 3527 540 3542 ²

65 3589 96 3643 5.
117 3585 166 3646 Da
175 3589 383 3665 juramentum,
398 3586 447 3648 cui
460 3585 547 3648 deest
558 3584 741 3646 solummodo
751 3599 827 3668 unus
841 3605 949 3650 comes.

72 3667 103 3722 6.
125 3665 173 3724 Da
183 3669 394 3743 juramentum,
408 3665 456 3728 cui
470 3665 578 3726 deumt
588 3663 647 3724 duo
660 3663 794 3726 comites.

72 3748 102 3802 7.
123 3743 173 3803 Da
182 3747 392 3824 jruamentum,
407 3745 577 3818 cuidesunt
589 3755 651 3804 tres
665 3743 799 3804 comites.

70 3826 103 3881 8.
124 3823 261 3888 Qualiter
275 3835 382 3903 peccat
394 3824 430 3896 lt,
448 3824 595 3905 quijurnt,
614 3841 647 3884 se
660 3821 880 3884 commissurum
904 3839 960 3880 me.¹

33 3900 150 3962 mnium
160 3905 318 3982 jocosum?
867 3916 869 3920 '
