2244 4082
146 137 204 196 824
516 157 558 202 ns
578 157 722 205 ossuum

197 294 236 354 N.
255 297 324 356 256.
362 295 422 360 DE
442 297 621 360 JEJUNIO*
640 295 1045 366 QUADRAGESIMALI.

140 405 170 510 l.
193 453 296 516 smus
325 455 440 535 rnna
480 441 756 534 ouaoaqmmao..
786 457 850 518 u
870 457 1052 520 Arsameia
1079 457 1097 514 a

204 531 384 596 Locticim'is.
436 537 492 596 111.
512 535 625 616 Diebus
650 537 816 603 Dominicis
849 559 908 598 non
932 539 1096 618 jejunator.

147 681 150 686 ,
204 612 510 770 &maiorsolebam
528 619 590 678 onis
609 617 768 696 emigravi.
809 617 846 676 V.
868 617 1005 696 omnmo.
1047 615 1097 674 v1.

183 850 209 909 1.
229 851 250 912 J
252 852 298 914 EJ
300 852 443 916 UNIUM
454 855 483 922 Q
613 855 714 918 simale
723 867 770 916 est
787 805 1036 918 solemnissimum
1049 873 1096 934 per

146 929 312 994 universam
327 932 503 1006 Ecclesiam,
515 956 572 1014 quo
602 935 744 1016 originem
753 955 835 996 susm
845 935 936 996 trahit
949 937 987 994 ab
1006 937 1096 1012 Apos-

146 1005 212 1070 tolis
226 1011 265 1072 ad
277 1013 447 1092 exemplum
469 1013 589 1086 Christi,
612 1015 743 1108 quamvis
770 1015 864 1076 varies
886 1014 1017 1094 subinde
1035 1034 1095 1092 paa-

107 1125 109 1136 ·
146 1108 210 1148 sum
225 1089 264 1150 sit
276 1093 473 1164 mutationes;
493 1093 560 1153 olim
576 1115 654 1154 emm
674 1114 767 1174 usque
781 1094 819 1154 ad
833 1105 968 1177 tempora
982 1093 1014 1153 S.
1029 1093 1094 1152 Ber·

145 1169 229 1230 nardi
251 1167 558 1254 jejunabatur'usque
579 1175 619 1234 ad
644 1194 818 1256 vesperam
846 1173 955 1234 saeculo
982 1173 1095 1234 decimo

145 1249 234 1309 tertio
248 1263 380 1331 tempore
396 1252 425 1312 S.
439 1251 560 1312 Thomae
571 1274 665 1332 usque
689 1253 728 1314 ad
750 1254 851 1312 horam
866 1253 984 1313 tertiam
998 1273 1095 1332 pome-

145 1328 306 1400 ridianam
319 1330 407 1412 pauld
416 1345 484 1412 post
497 1333 657 1414 atempore
671 1333 807 1394 Durandi
820 1332 906 1392 &bis
916 1332 1095 1412 temporrbus

144 1405 257 1468 licitum
272 1422 319 1472 est
329 1429 385 1504 per
395 1413 639 1474 consuetudinem
651 1433 766 1476 sumere
777 1412 893 1474 unicam
903 1411 1096 1473 refectionem

84 1495 86 1502 '
145 1487 224 1548 circa
237 1491 399 1560 meridiem,
421 1491 585 1586 &vesperi
609 1491 866 1569 collatiunculamr
885 1491 978 1630 anti}

144 1567 308 1628 suetudinis
319 1569 436 1630 interim
450 1572 610 1650 vestigium
636 1582 771 1646 servatur
793 1571 891 1631 adhuc
905 1569 935 1632 in
979 1570 1094 1640 eclesia,

143 1646 214 1706 dum
228 1648 257 1708 in
269 1646 503 1742 andtngnima
516 1651 656 1734 Vespera
670 1662 827 1714 cantantur
850 1661 921 1712 ante
942 1649 1094 1712 meridiem

143 1745 196 1785 seu
206 1738 276 1788 ante
290 1727 492 1790 refectmnem.
639 1761 641 1768 ¹
969 1781 982 1800 .

181 1805 223 1866 ΙΙ.
245 1805 392 1901 Tempore
406 1809 646 1892 Quadragesimae
655 1809 872 1880 abstinendum,
887 1808 978 1870 etiam
992 1809 1095 1869 diebus

143 1883 308 1947 Dominicis
319 1903 348 1945 m
363 1907 399 1948 ea
413 1887 645 1960 occurrentibus,
670 1907 729 1950 non
742 1889 839 1950 solum
853 1889 872 1948 ia
884 1889 1033 1959 carnibus,
1047 1889 1096 1948 sed

141 1969 167 2022 δι
180 1967 217 2026 ab
231 1967 293 2028 ovis
306 1972 332 2050 ts
345 1967 510 2040 lacticiniis,
532 1970 648 2032 scilicet
670 1971 786 2049 butyro,
807 1969 895 2039 lacte,
915 1989 1014 2034 caseo,
1037 1973 1095 2038 Sic,

141 2064 207 2122 quae
219 2063 260 2106 ex
273 2044 465 2110 carnibus'ori
487 2049 566 2112 inem
580 2049 709 2110 ducunt:
723 2069 762 2108 ex
770 2047 986 2108 consuetudine
995 2061 1093 2108 tamen

142 2121 172 2182 in
180 2123 237 2185 hac
251 2123 351 2188 Patria
363 2125 433 2188 bodi
474 2149 523 2188 nm
532 2149 600 2189 esus
613 2125 837 2197 lacticiniorum,
849 2127 985 2208 exceptis
994 2128 1093 2206 paucis

141 2203 245 2264 diebtu
258 2207 295 2266 ab
310 2205 458 2286 Episcopo
479 2207 650 2290 designatis,
678 2207 868 2288 permittitur,
892 2206 983 2266 modo
1006 2208 1093 2268 certis

141 2283 289 2420 precibus,
306 2279 364 2346 'vel
388 2280 577 2368 eleimosyni
590 2280 774 2368 indulgentia
796 2287 846 2348 illa
873 2299 1095 2366 compensetur,

84 2427 89 2438 ,
163 2365 228 2442 ujus
248 2363 348 2426 veram
372 2365 583 2445 obligationem
603 2364 734 2428 admittit
759 2367 880 2450 Steyart
907 2367 937 2425 in
956 2386 1006 2446 pp.
1021 2367 1092 2426 dam.

141 2441 220 2519 apud
234 2463 281 2504 sne
296 2464 361 2524 pag.
376 2446 425 2504 79.
446 2445 522 2507 Vide
538 2447 608 2527 Syn.
628 2444 726 2508 Dioec.
749 2445 853 2506 Mech.
867 2446 914 2506 tit.
929 2447 974 2506 12.
988 2465 1055 2524 cap.
1068 2451 1093 2502 4.

180 2523 237 2582 111.
257 2523 373 2586 Diebus
386 2525 551 2587 Dominicis
565 2527 596 2594 in
610 2525 843 2604 Quadragesima
864 2525 938 2586 licet
951 2525 1093 2584 abstinea-

143 2613 190 2662 tur
205 2601 223 2662 ἃ
236 2603 383 2675 carnibus,
402 2625 462 2664 non
476 2605 588 2684 obligat
602 2617 702 2688 tamen
721 2603 901 2666 abstinentia
922 2604 940 2664 b
963 2603 1095 2684 pluribus

141 2679 361 2753 refectionibus,
374 2703 431 2744 nec
445 2697 528 2746 certa
546 2683 716 2746 refectionis
741 2685 814 2746 hora
827 2683 987 2751 servanda;
1007 2703 1094 2762 gene·

141 2760 227 2819 ratim
242 2761 346 2822 diebus
361 2763 526 2824 Dominicis
540 2763 661 2844 reliquis
679 2785 738 2824 non
748 2765 899 2842 jejunatur
913 2765 950 2824 ob
963 2762 1093 2822 laetitiam

142 2838 379 2904 Resurrectionis
394 2843 515 2914 Christi,
530 2843 716 2924 quantumvis
731 2864 767 2904 eo
789 2843 838 2913 die
861 2842 892 2902 id
905 2841 1022 2902 licitum
1037 2842 1091 2910 sit;

141 2917 210 2977 olim
233 2921 352 2998 quidem
374 2921 464 3001 aliqui
492 2923 545 2984 SS.
566 2919 673 2986 ¹Patres
701 2923 891 2985 inhibuerunt
913 2921 1030 3000 jejunia
1050 2921 1092 2980 die

139 2998 308 3071 Dominico,
331 3001 385 3062 sed
407 3001 446 3062 ad
468 3003 620 3064 evitandos
644 3023 759 3064 errores
780 3002 999 3070 haereticorum,
1026 3001 1093 3080 pati

141 3077 393 3140 Manichaeorum:
414 3079 484 3142 hinc
502 3084 674 3146 observatur
692 3083 722 3142 in
747 3081 891 3150 Ecclesia,
906 3092 949 3149 ut,
964 3081 1037 3140 dum
1051 3081 1088 3138 vi·

139 3155 218 3233 gilio,
232 3157 262 3216 in
272 3179 330 3238 qus
338 3161 499 3239 jejunatur,
513 3161 618 3222 incidit
631 3161 661 3220 in
676 3161 755 3220 diem
769 3161 968 3230 Dominicam,
977 3163 1089 3238 jejuno

140 3249 187 3296 tur
200 3238 328 3298 Sabbato
351 3241 550 3320 praecedenti:
571 3252 774 3302 verumtamen
791 3240 855 3300 dies
866 3239 990 3300 festivus
1005 3251 1089 3298 extra

142 3315 328 3378 Dominicam
342 3339 399 3379 non
411 3331 508 3380 mutat
516 3321 670 3400 jejunium,
685 3319 742 3379 nisi
769 3320 807 3379 sit
822 3319 942 3380 Festum
957 3319 1092 3397 Corporis

140 3395 261 3467 Christi,
272 3398 319 3457 vel
334 3399 504 3459 solemnitas
516 3400 635 3460 Patroni
650 3397 796 3470 Civitatis,
810 3399 853 3458 ait
868 3397 996 3478 Sylvius.

180 3476 230 3532 An
245 3477 385 3554 obligatio
399 3479 566 3538 abstinendi
580 3481 617 3538 ab
632 3479 694 3540 ovis
708 3483 734 3537 a
747 3478 903 3538 lacticiniis
914 3488 962 3538 est
975 3476 1089 3554 gravis?

180 3553 233 3612 1v.
254 3554 291 3612 R.
313 3555 447 3626 Videtur,
459 3558 528 3636 quia
538 3559 569 3618 in
580 3558 637 3618 illis
651 3569 751 3636 potest
764 3557 827 3617 dari
840 3556 965 3617 materia
978 3556 1092 3634 gravis;

139 3643 270 3692 attamen
294 3653 373 3712 saepe
399 3635 473 3696 levis
500 3649 554 3698 est.
596 3637 710 3716 Accipe
737 3657 787 3715 pp.
805 3639 854 3694 32.
867 3637 1037 3695 damnatam
1058 3637 1090 3693 ab

141 3711 230 3770 Alex.
245 3711 313 3770 VII.
334 3721 352 3750 “
362 3713 430 3772 Non
444 3727 492 3775 est
505 3716 636 3786 evidens,
667 3716 728 3776 uad
741 3715 923 3778 consuetudo
936 3735 995 3774 non
1011 3734 1088 3775 com·

140 3789 248 3849 edendi
263 3810 318 3851 ova
330 3796 356 3850 δι
369 3791 518 3856 lacticinia
532 3795 562 3855 in
577 3737 809 3875 Quadragesima
823 3793 959 3874 obliget”

971 1512 1018 1552 uae
1032 1511 1095 1552 COD·
