2256 4090
404 194 561 239 orvorra
897 181 959 242 lai

25 350 128 402 eutem
140 337 188 396 at.
201 353 353 408 annorum,
372 336 460 419 modi
473 336 515 414 eit
528 338 583 398 sub
595 335 695 420 patria·
708 346 867 430 potestate,
885 339 955 420 quia

24 422 77 480 huc
89 413 211 477 irritatio
223 435 282 475 non
294 397 434 476 sundram
449 416 479 474 in
499 415 619 476 defectu
635 427 741 486 oetatre,
765 415 818 478 aed
836 417 866 477 in
886 421 954 480 oub-

21 497 135 577 jeotione
159 495 221 566 filii,
244 495 324 554 unde
347 495 449 555 eadem
470 494 594 555 irritatio
614 495 784 556 extenditur
801 496 896 556 eoldm
915 497 960 560 ad'

25 591 126 655 ternpus
139 574 338 654 subjectionis,
360 573 401 634 ita
419 586 454 634 ut
466 585 535 634 voto
546 575 700 652 puberum,
714 574 861 654 implenda
873 588 956 655 poet-

26 674 98 734 qunm
111 653 164 713 filii
177 653 288 714 fuerint
305 653 488 734 emancipati,
509 665 593 732 puter
612 671 672 712 non
687 652 792 725 irritet,
814 655 958 734 quianon

24 737 151 812 derogant
164 731 305 812 potestati
317 732 418 811 patrie.
814 759 816 763 v

53 813 125 872 Vota
138 811 325 892 impuberum
338 811 429 872 semel
444 810 557 871 irritata
569 829 717 890 nunquam
730 811 916 876 reviviecuna

52 892 121 958 Qun
134 903 206 952 vota
216 890 318 951 uxoris
330 889 452 952 meritur
465 889 578 952 irritare
596 891 719 970 potest?

51 967 98 1028 Vl.
119 969 243 1042 R.·illa‚
264 989 329 1050 quae
342 981 412 1030 eunt
426 969 464 1030 de
483 969 628 1030 rebusad
645 967 885 1049 gubernationem
904 972 955 1034 vel

23 1047 288 1110 administrationem
301 1049 417 1109 familiae
430 1048 647 1128 pertinentibus
658 1069 685 1108 v.
698 1070 728 1129 g.
741 1060 809 1110 vota
822 1049 958 1130 peregri-

24 1127 132 1267 natiopir
148 1129 400 1210 eleemosynarum
420 1127 715 1206 extraordinariorum
727 1147 767 1189 ex
778 1128 863 1189 honio
876 1147 959 1192 com·

24 1225 89 1267 nnm
109 1226 158 1266 us.
862 1229 865 1236 ⁴
909 1267 912 1274 ⁴

53 1288 96 1345 An
118 1287 245 1348 maritus
268 1298 366 1366 potest
387 1284 502 1347 irritare
524 1285 667 1366 ejusmodi
688 1297 771 1358 rota*
790 1305 855 1366 qum
879 1305 957 1348 uxor

23 1365 103 1428 emisit
114 1377 189 1430 ente
205 1365 444 1428 matrimonium?

51 1444 114 1504 vn.
136 1445 179 1506 R.
201 1443 232 1505 Si
253 1444 428 1506 contrahens
449 1443 665 1506 matrimonium
688 1442 738 1506 iiia
756 1455 825 1506 rota
841 1443 958 1526 ignora·

23 1521 89 1594 verit,
110 1528 137 1584 dr
162 1523 194 1583 iu
216 1523 265 1590 illa
285 1535 389 1603 postea
408 1543 557 1603 nunquam
578 1522 767 1594 consenuerit,
794 1535 895 1604 potest
919 1543 956 1588 ea

22 1604 108 1664 altem
120 1603 304 1682 suspendere
317 1623 369 1682 pro
383 1603 508 1684 tempori
519 1601 696 1664 matrimonii
710 1602 755 1662 eni
769 1625 778 1673 ς
798 1603 851 1664 red
864 1604 959 1665 diseo·

22 1685 71 1742 luto
89 1681 276 1742 matrimonio
297 1681 483 1752 reviviscent,
508 1681 577 1761 quia
597 1701 657 1740 non
677 1693 746 1742 aunt
764 1682 898 1743 obsolute
917 1685 958 1744 ab

22 1762 59 1820 ilo
79 1761 204 1832 irritato,
226 1781 293 1822 oum
313 1779 372 1820 non
397 1760 456 1820 sint
477 1761 582 1822 emissa
605 1763 660 1821 enh
684 1760 745 1821 irae
768 1759 957 1822 conditione:

24 1841 168 1900 imeritus
182 1839 355 1902 ooneentiat

51 1919 131 1978 vm.
153 1919 241 1990 Vota,
256 1937 321 2014 pure
334 1937 393 1984 non
406 1917 517 1979 cedunt
538 1918 597 1978 ulio
610 1917 700 1978 modo
710 1917 741 1978 in
754 1919 957 2000 praejudioiunr

22 1997 110 2070 nariti,
123 1998 245 2061 videtur
258 2017 322 2078 rpee
335 2017 394 2058 non
407 2017 494 2078 posse
503 1997 627 2058 irritare.
646 1997 683 2057 V.
696 2017 725 2078 g.
741 2001 844 2058 votum
857 2001 961 2068 obser-³

22 2076 92 2142 randi
109 2089 263 2158 praeoepta
284 2077 435 2148 Eocleoiae,
457 2077 587 2138 uniendi
608 2078 714 2138 breves
728 2076 882 2149 orationes,
903 2083 956 2147 &a

21 2157 75 2234 quio
85 2155 262 2221 inillienon
276 2156 410 2217 subditur
421 2155 493 2216 viro.
780 2181 786 2188 -

51 2233 141 2296 Uxori
155 2255 216 2296 non
230 2236 374 2315 competit
385 2235 504 2328 proprie
518 2233 633 2295 irritare
647 2245 716 2295 roto
728 2233 784 2295 viri
796 2236 852 2296 rui.
966 2257 972 2274 ·

49 2315 97 2375 IX.
117 2315 232 2378 Votum
245 2316 307 2376 aive
320 2314 418 2374 maroti
432 2333 493 2376 erve
507 2313 607 2373 uxoris
621 2313 658 2374 de
680 2333 738 2374 non
760 2313 889 2394 p'etendo
903 2313 969 2376 tie-³

22 2395 68 2532 iim
78 2395 237 2533 pplnjugoii,
251 2394 379 2456 validum
403 2405 450 2454 eat
472 2398 498 2453 dr
520 2393 646 2466 firmum,
667 2405 755 2474 prout
769 2394 955 2476 declararunt

39 2485 93 2535 ontr
114 2493 179 2534 cer·

50 2553 82 2612 x.
96 2553 165 2613 nro.
179 2556 207 2613 a
221 2551 372 2614 nectent
385 2571 449 2631 cap.
462 2554 491 2612 o.
505 2537 667 2630 “tunm”
682 2550 783 2611 oeno.
798 2551 836 2612 re
850 2552 957 2612 “con-

21 2631 232 2712 remConjug.”
240 2631 357 2710 legitur,
367 2629 447 2712 quid
456 2631 573 2711 quidam
581 2630 734 2692 intraverit
740 2629 954 2692 Monaeterium

20 2713 96 2772 inriti
109 2729 224 2772 uxore:
245 2710 385 2771 Pontifex
404 2721 504 2771 autem
524 2710 675 2770 consultus
688 2708 855 2788 respondet,
876 2707 956 2790 quid

21 2793 65 2852 itte
78 2791 190 2852 debeat
202 2790 299 2852 redire
312 2790 491 2860 aduxorem,
511 2795 537 2848 dr
557 2799 770 2870 postmortem
783 2789 882 2850 uxoris
896 2809 954 2850 non
1035 2837 1048 2876 1,

20 2882 147 2932 tueatur
162 2869 272 2932 reverti
284 2869 323 2930 ad
332 2869 557 2939 Monaeterinm,
572 2867 713 2948 quiaejue
723 2867 957 2930 Profeseiofacta

20 2949 159 3028 Superiori
172 2947 230 3009 fuit
242 2948 332 3020 irritu,
354 2945 435 3028 qudd
451 2959 549 3008 tamen
571 2968 629 3008 non
652 2947 746 3026 possit
758 2960 859 3027 petere
874 2947 954 3008 debi-

21 3041 70 3088 tum
83 3028 250 3122 conjugale,
264 3029 369 3107 neque'
384 3039 451 3106 poet
473 3033 597 3088 mortem
615 3027 703 3106 hujm
729 3026 838 3088 ducere
857 3024 952 3096 aliam,

19 3109 74 3186 quia
84 3112 165 3186 jurro
178 3107 419 3186 interpretatione
433 3119 571 3168 censetur
585 3125 618 3168 se
632 3105 699 3166 Deo
712 3125 730 3166 o
763 3105 769 3119 '
790 3124 855 3166 aeae
868 3104 898 3164 in
909 3104 957 3176 iis,

21 3207 73 3265 que
86 3198 175 3247 erant
188 3186 218 3246 in
232 3189 295 3266 ejus
309 3186 401 3248 libera
414 3197 579 3268 potestate3
592 3185 663 3247 item
676 3183 712 3244 L.
724 3186 753 3244 8.
799 3183 917 3246 ecretal.
931 3196 953 3245 t.

20 3269 56 3324 ii.
68 3287 133 3345 rap.
152 3267 197 3326 la.
217 3274 235 3304 “
246 3265 370 3345 placet.”
