2246 4096
281 223 284 228 ,
352 171 394 217 us
409 155 648 218 'cananaeam'
910 155 970 216 ala

65 301 383 382 mammotreti
388 316 708 400 ‘senenffl'debttom
722 311 888 399 praestitum
909 315 972 374 sine

31 391 308 555 mdeis'tltebiedgeslpue
317 393 650 476 lutebtidlueinlpleirdi:
664 395 773 456 desunt
786 395 910 459 comites
925 413 974 454 re·

33 477 156 536 uitat&
253 475 326 533 ''.·=·
380 505 385 514 ·
439 485 441 492 '
578 485 580 492 ’
983 479 985 490 “

63 555 182 694 Adam
196 543 407 616 loramentum
437 554 602 624 mentiendi
634 551 698 616 sine
721 554 886 614 intentione
920 553 975 611 im·

49 633 119 694 leu'
336 647 338 658 ¹
439 654 444 674 ¹
495 663 498 670 ·

34 657 49 713 p
61 713 108 772 Ad
126 714 157 773 Β.
173 712 411 795 Βίεῑῗὶῃςυειιάο;ε
434 715 460 774 si
471 717 553 794 juret
565 733 633 774 cum
648 713 813 774 intentione
827 711 977 792 implendi,

30 804 124 872 pesum
136 791 300 872 monabter
318 805 422 854 conoe
435 795 573 854 mutirem
579 793 714 874 justitia,
725 791 915 852 &venialiter
929 811 978 849 vo-

30 875 133 934 luntate
146 873 328 937 mentiendi:
342 873 368 934 ei
374 876 456 953 juret
465 873 529 934 sine
543 873 708 934 intentione
721 871 895 940 mentiendi,
910 891 978 950 pec·

29 963 70 1012 out
81 953 246 1014 mortaliter
259 965 363 1017 contra
377 953 516 1014 comitem
529 953 664 1014 veritatis
678 959 705 1012 dt
718 963 823 1013 contra
835 949 977 1012 comitem

31 1031 151 1092 'mritiae-

28 1055 38 1110 J
62 1111 109 1170 Ad
123 1113 159 1170 91
167 1111 258 1190 Reap.
273 1111 342 1170 Bill.
355 1114 425 1171 350.
439 1131 503 1185 non,
509 1112 629 1192 obligat,
642 1113 712 1190 quia
716 1115 918 1191 juramentum
932 1120 979 1169 est

31 1193 60 1250 de
70 1210 100 1250 re
113 1179 409 1271 illicita·:·ad2.'resp.
419 1176 557 1270 negativ'e
568 1193 657 1270 juxta
667 1192 799 1271 regulum
810 1191 887 1269 juris
901 1189 931 1248 in
942 1189 960 1248 6
973 1211 980 1247 :

32 1281 104 1330 “non
118 1270 253 1332 firmatur
268 1281 366 1331 tractu
380 1271 531 1350 temporis,
549 1272 629 1350 quod
641 1273 678 1332 ab
693 1271 778 1330 initio
793 1271 829 1330 de
840 1273 908 1348 jure
918 1289 977 1328 non

30 1349 157 1410 subsistit
166 1349 190 1408 :”
205 1351 285 1410 aliud
298 1349 384 1432 forat,
399 1351 423 1430 ‚V
433 1354 537 1430 jurans
550 1351 693 1412 voluisset
707 1370 739 1411 se
751 1350 880 1428 obligare
897 1349 979 1408 inde·

30 1429 102 1488 finite
116 1431 151 1488 in
171 1449 358 1510 quocumque
379 1441 490 1490 eventu
504 1430 643 1508 possibili,
668 1431 715 1490 vel
729 1429 832 1490 similis
853 1428 982 1489 conditio

29 1509 231 1570 subintellecta
243 1509 358 1579 fuisset,
383 1510 453 1590 quia
467 1521 538 1569 tuuc
557 1513 759 1588 jurameutum
774 1512 811 1570 ab
826 1509 910 1568 initio
923 1528 982 1568 non

29 1589 77 1648 fuit
90 1587 211 1648 omnino
225 1589 347 1658 nullum,
362 1579 415 1648 sed
430 1587 609 1654 subsistebat
620 1589 829 1666 conditionate.

62 1668 111 1728 Ad
126 1667 176 1725 102
191 1665 428 1748 Distinguendo:
443 1667 467 1728 si
479 1679 583 1747 agatur
598 1669 635 1728 de
647 1668 860 1730 committenda
871 1687 924 1727 seu
937 1668 984 1726 fu·

29 1750 87 1806 turs
96 1747 305 1818 fornicatione,
316 1749 516 1827 juramentum
531 1747 705 1840 simpliciter
713 1769 772 1808 uon
782 1747 900 1824 obligat,
916 1747 985 1826 quie

29 1839 162 1904 vergeret
175 1827 206 1884 in
222 1827 400 1887 deteriorem
415 1827 549 1886 exitum:
571 1847 596 1886 sr
610 1843 715 1906 agatur
729 1829 766 1888 de
790 1826 984 1887 fornicatione

29 1907 189 1976 commissa,
203 1907 324 1984 obligat,
338 1907 394 1967 nisi
403 1907 465 1966 alia
478 1925 567 1968 causa
576 1911 659 1986 justa
672 1920 785 1988 urgeat,
796 1928 825 1965 v.
840 1926 867 1984 g.
881 1925 984 1966 neces-

28 1987 96 2045 saria
110 1987 259 2068 correctio
274 1983 476 2056 filii-familias,
498 1986 546 2059 vel
557 1990 638 2068 justa
654 1987 845 2067 interrogatio
865 1983 984 2065 judicis.

30 2063 100 2124 Vide
112 2083 197 2124 num.
214 2068 281 2124 154.
394 2135 397 2142 ¹
997 2139 1000 2146 ἦ

62 2143 173 2204 Ad'll.
184 2146 240 2204 Est
248 2145 680 2224 juramentumpromissorium
691 2165 746 2226 per
756 2165 788 2206 se
797 2157 886 2206 stans.
907 2143 985 2204 Vide

30 2245 103 2283 num.
130 2226 195 2284 153.
246 2235 248 2238 '
553 2251 556 2258 ·

61 2305 112 2362 Ad
128 2306 158 2362 2.
184 2303 311 2364 Videtur
324 2304 726 2384 respondendumnegativd,
752 2303 820 2388 quia
845 2303 986 2382 obligatio

28 2385 79 2442 fuit
92 2387 180 2446 mere
194 2383 363 2462 personalis,
377 2389 403 2442 tr
417 2384 508 2444 sollus
524 2385 699 2464 Religionis,
713 2400 772 2445 uon
783 2381 987 2464 justitiae,'aut

27 2463 117 2524 debiti
135 2463 232 2524 realis.
272 2463 349 2524 Vide
368 2483 397 2522 n.
414 2465 479 2522 148.
595 2503 599 2516 .

64 2543 117 2602 Ad
134 2541 361 2620 12.'Negativer
376 2543 445 2622 quia
451 2546 581 2622 jurasset
595 2545 624 2602 in
646 2561 736 2604 sensu
753 2541 987 2622 amphibologico

30 2623 171 2682 distincto
193 2621 215 2680 a*
234 2637 323 2682 sensu
340 2621 433 2701 patris
456 2622 693 2702 interrogantis·
715 2621 793 2684 Vide
811 2641 891 2681 num.
917 2621 983 2678 159.

29 2704 117 2761 Pater
131 2701 213 2762 enirn
227 2703 356 2780 petebat,
370 2721 408 2761 an
419 2713 500 2778 esset
509 2701 722 2784 primogenitus
737 2701 891 2762 nativitate
901 2712 986 2762 natu·

29 2781 95 2848 raii;
110 2781 207 2841 Jacob
220 2792 319 2874 autem
330 2781 498 2859 respondet,
513 2801 546 2842 se
559 2801 626 2842 esse
639 2782 868 2862 primogenitum
879 2783 947 2860 jure
961 2783 986 2838 a

27 2871 730 3020 reffiffimppalpssuiffioejfflmum
744 2939 779 2999 fit
788 2939 877 3000 Petro
892 2939 986 3000 solino

29 3032 169 3099 tanquam
180 3019 259 3088 testi,
276 3038 335 3079 non
345 3019 565 3098 verbmnquam
572 3028 718 3100 persona,
729 3019 777 3080 cui
788 3019 987 3100 principaliter

27 3101 111 3158 lavor
122 3102 249 3178 juratur.
288 3095 365 3162 Vide
375 3119 455 3160 num.
471 3099 539 3158 177..

66 3179 122 3238 Ad
143 3183 191 3236 14.
217 3177 276 3244 Qui
294 3173 385 3257 jurat,
412 3179 534 3239 Petrum
558 3197 625 3239 esse
639 3178 727 3248 domi,
752 3173 919 3258 quirevera
942 3188 989 3236 est

26 3257 119 3326 domi,
133 3255 189 3318 sed
197 3260 300 3336 jomus
314 3259 438 3338 putabat
454 3275 523 3318 eum
537 3259 635 3319 exisse
646 3283 654 3327 ;
667 3263 693 3316 tr
706 3257 870 3338 generatim
884 3255 1000 3332 omnis,

29 3337 77 3415 qui
90 3341 177 3416 jumat
189 3355 301 3407 verum,
313 3338 396 3416 quod
405 3338 639 3425 judicabat'esse
653 3337 770 3398 falsum.

66 3417 124 3476 Ad
140 3419 186 3475 15.
211 3415 312 3476 aTh.
325 3419 354 3475 2.
374 3417 402 3476 2.
418 3439 447 3497 q.
460 3419 509 3476 89.
533 3437 560 3478 a.
574 3420 601 3476 7.
616 3417 654 3477 ad
667 3419 696 3478 2.
717 3420 916 3496 Juramentum
931 3429 1003 3476 non·

29 3494 218 3574 ingredienffi
234 3495 417 3576 religionem.
458 3496 536 3558 Vide
549 3517 579 3556 n.
596 3497 661 3555 146.
1056 3503 1057 3508 ’

68 3575 125 3634 Ad
135 3574 180 3634 16.
196 3573 433 3653 Distinguendoa
448 3575 473 3636 si
487 3576 647 3636 ambulatio
657 3575 862 3636 consideretur
873 3587 907 3634 ut
916 3593 990 3666 opus
1092 3619 1101 3628 „

26 3655 116 3713 mere
135 3651 314 3725 indifferens,
331 3657 532 3733 juramentum
547 3673 604 3716 nec
617 3667 664 3716 eat
678 3655 793 3716 licitum
808 3675 865 3715 nec
879 3653 989 3730 obliga-

27 3734 160 3794 toriumz
183 3733 209 3794 si
221 3735 368 3794 referatur
390 3734 551 3794 ambulatio
565 3734 603 3796 ad
626 3735 783 3796 honestum
796 3733 894 3802 finem
910 3735 989 3810 jure-

27 3825 228 3950 ilnpentum‘ese
240 3813 369 3875 validum
383 3817 409 3874 tr
422 3813 537 3875 licitum
551 3831 589 3875 ex
604 3833 694 3878 causa
703 3818 795 3895 jmta
819 3811 896 3874 Vide
909 3829 983 3872 num,

504 3990 524 4030 Τ
