2246 4096
548 29 556 58 Ι

161 169 218 230 198
497 190 538 232 na
559 189 772 234 susannem.

199 329 268 390 VII.
289 329 402 410 objicit
414 331 569 402 Daelman,
583 329 664 410 quod
677 331 832 406 Dausnon
847 329 1042 392 constituntur
1052 343 1105 392 tes·

158 408 197 467 tis
211 409 292 478 Ialsi;
307 409 374 490 quia
388 409 472 470 Deus
486 431 544 470 non
555 409 707 472 invocatur
721 409 806 472 testis
813 411 946 474 veritatis
958 410 1083 488 Iuturae.

99 485 103 494 “
199 489 235 547 R.
256 487 303 548 Ne
325 491 401 550 audo
424 501 606 570 assumptum
628 501 891 569 utrumquernam
907 491 940 550 Sl
951 488 1007 549 Th.
1020 512 1049 572 q.
1063 493 1105 552 89.

158 587 183 628 a
198 571 226 626 7.
241 579 290 628 stu
313 569 373 630 iose
384 569 481 639 docet,
492 565 577 650 'quod
596 571 705 631 veritas
715 569 815 635 futura
826 571 889 630 slve
904 570 1041 632 executio
1064 589 1106 632 oa·

159 648 210 706 dat
223 649 278 707 sub
292 647 469 726 obligatione
479 649 648 728 juramenti.

198 727 337 808 Denique
351 727 400 788 illa
417 747 567 809 responsio
581 729 727 788 Daelman
740 739 886 808 repugnat
899 727 1015 790 directe
1034 731 1106 808 capi·

158 803 220 865 tulo
237 808 282 866 10.
323 815 341 844 “
356 807 530 873 Querelam”
544 808 604 868 To.
617 809 665 866 24.
677 807 730 868 lib.
746 805 779 866 2..
788 807 938 868 Decretal.
958 808 1008 882 ubi
1022 809 1106 888 negli-

158 905 231 964 gens
254 887 415 966 adimplere
433 889 634 966 juramentum
654 885 874 966 promissorium
896 887 1006 950 dicitnr
1021 897 1039 926 ⁰‘
1057 889 1105 948 cri-

158 965 237 1025 mine
252 965 371 1044 perjurii
385 965 542 1046 irretitus?
757 1011 762 1019 .
814 973 817 980 '

197 1045 331 1122 Ultimo:
345 1043 370 1104 ai
384 1045 471 1106 Deus
491 1066 550 1105 non
574 1045 727 1108 invocetur
741 1045 826 1105 testis
840 1045 972 1110 veritatis
993 1041 1104 1116 future,

158 1121 248 1202 prout¹
261 1123 324 1184 vult
340 1125 493 1196 Daelman‚
518 1125 660 1204 sequitur,
688 1123 767 1204 quod
776 1125 1105 1222 Juramentapromisso·

158 1203 202 1263 ria
214 1205 367 1284 negligens
384 1203 516 1284 implere,
538 1223 688 1285 nunquam
713 1215 814 1284 posset
827 1205 885 1266 dici
899 1226 1045 1286 perjurus,
1056 1207 1105 1266 etsi

159 1303 206 1342 res
220 1283 258 1342 sit
268 1285 375 1362 gravis,
389 1287 457 1362 quia
470 1285 543 1344 nihil
555 1285 641 1360 fieret
659 1293 763 1344 contra
775 1285 969 1368 reverentiam
979 1286 1106 1346 testimo-

159 1363 200 1422 nii
214 1363 314 1422 divini.

198 1442 281 1518 VIII.
302 1442 446 1504 Instabis:
466 1443 563 1514 homo,
582 1443 633 1538 qui
653 1453 700 1504 est
721 1440 806 1504 testis
827 1441 858 1504 in
872 1452 1030 1504 contractu
1044 1461 1107 1521 quo-

159 1521 248 1600 piam,
261 1543 320 1582 non
335 1533 381 1584 est
394 1523 480 1585 testis
490 1523 623 1584 veritatis
635 1521 752 1592 futurae,
774 1533 847 1602 ergo
860 1538 917 1582 nec
928 1523 1016 1584 Deus
1026 1523 1056 1584 iu
1065 1527 1108 1603 ju·

158 1613 292 1661 ramento
308 1600 506 1682 promissorio.
655 1669 659 1680 ¹
895 1675 897 1679 Ι
929 1613 952 1656 .·
1015 1615 1018 1622 ’

197 1681 235 1740 R.
254 1680 379 1742 Primo:
402 1693 534 1742 transeat
549 1675 748 1744 antecedenar
772 1674 841 1759 quia
853 1680 941 1740 homo
953 1677 1107 1743 adhibetur

158 1759 244 1820 testis
259 1762 429 1821 contractis
443 1762 625 1830 solummodo
638 1780 693 1840 pro
705 1759 891 1834 solemnitate
906 1770 1033 1824 externa
1046 1771 1108 1822 con·

157 1842 290 1910 tractbs3
311 1841 364 1900 sed
377 1851 482 1921 petens
491 1843 692 1920 juramentum
702 1840 781 1922 petit
793 1849 828 1900 ut
841 1839 931 1899 etlam
944 1839 1056 1900 veritae
1069 1843 1108 1900 fu·

156 1931 224 1979 tura
233 1920 295 1980 slve
304 1919 427 1980 effectus
437 1940 476 1980 ex
485 1919 653 1980 matimonio
662 1916 761 1990 divino
771 1913 906 1979 invocato
916 1931 1109 1990 assecuretur,

157 1999 236 2078 quod
250 1999 371 2060 evidens
386 2010 432 2063 est
445 2000 476 2059 in
490 1999 604 2060 latrone
616 1993 645 2058 ui
659 1999 799 2078 exigente
814 2000 1023 2058 'uramentum

197 2075 236 2136 R.
258 2079 300 2137 2⁰.
324 2077 413 2144 Quod
424 2079 514 2140 homo
527 2089 628 2161 posset
642 2078 731 2137 etiam
752 2077 821 2136 adhr
842 2078 888 2154 eri,
899 2077 985 2138 testis
1008 2079 1109 2138 future

155 2157 300 2296 vpfritatis
334 2157 359 2218 si
385 2158 442 2224 iste
470 2179 524 2240 per
557 2155 785 2234 authoritatem,
800 2168 902 2236 posset
934 2173 1107 2237 promovere

158 2258 174 2296 e
200 2248 309 2297 ectum.
1064 2287 1067 2294 .

195 2317 251 2375 IX.
261 2313 328 2396 obj.
343 2315 441 2378 Datur
451 2317 579 2398 parvitas
590 2309 721 2380 materiae
735 2315 765 2375 ln
778 2315 1029 2388 violatione'voti3
1043 2337 1111 2398 ergo,

158 2396 227 2456 &in
263 2397 370 2476 erjurio
388 2398 582 2478 promissorio.
715 2445 728 2478 ¹..
754 2446 756 2452 .
791 2413 809 2454 ⁴.
1010 2447 1014 2454 .

196 2475 233 2535 X.
278 2519 286 2535 .
300 2475 386 2558 Nego
399 2497 478 2538 cons
502 2477 592 2538 Ratio
602 2475 782 2556 disparitatis
792 2469 849 2546 e'st,
864 2475 945 2556 quod
958 2477 1107 2556 objectum

155 2556 357 2616 inrmediatum
371 2555 432 2616 voti
443 2557 482 2617 sit
491 2577 539 2616 res
550 2558 696 2638 quatenus
710 2555 895 2624 con'ducitatl
908 2556 1024 2615 cultum
1036 2556 1109 2625 Del3

156 2646 368 2714 potestantem
387 2649 491 2714 parum
513 2638 679 2697 conducere
699 2636 738 2698 ad
751 2634 834 2694 illum
847 2635 946 2704 finem,
966 2640 994 2694 a
1008 2635 1053 2695 sic
1073 2655 1107 2696 ex

156 2715 235 2773 omni
250 2723 334 2795 parte
348 2717 497 2794 objectum
511 2715 584 2775 illud
599 2733 664 2775 esse
678 2715 761 2774 leve:
776 2714 830 2774 sed
843 2715 995 2792 objectum
1010 2715 1108 2775 imme·

156 2794 268 2854 diatum
277 2795 439 2872 juramenti
449 2807 496 2855 est
509 2794 573 2876 ipsa
581 2795 698 2864 veritas,
713 2813 779 2873 quae
789 2813 938 2872 nunquam
948 2805 997 2854 est
1011 2813 1108 2874 parvm

155 2874 234 2934 sicut
253 2879 279 2932 a
292 2874 372 2933 nulla
385 2874 497 2935 salsitas
511 2885 558 2938 eat
571 2894 660 2954 parva
673 2875 727 2932 sub
741 2873 932 2938 attestatione
945 2873 1066 2944 divina3
1085 2879 1107 2956 a

155 2954 198 3014 sic
212 2953 372 3032 perjurium
387 2951 460 3012 illud
474 2973 590 3033 semper
603 2943 695 3012 habet
708 2953 856 3030 objectum
870 2971 967 3032 grave.
1014 2965 1017 2973 “
1057 3003 1061 3008 .

193 3033 247 3092 ΧΙ.
272 3031 341 3128 0131.
362 3032 393 3093 S.
406 3033 512 3094 Th0m'.
534 3053 562 3116 q.
585 3033 634 3092 89.
655 3051 681 3110 a.
703 3033 732 3090 8.
755 3031 835 3101 dicit,
859 3031 939 3110 quod
952 3043 1058 3092 votum
1070 3029 1106 3092 sit

154 3112 247 3192 magis
262 3111 467 3192 obligatorium
480 3112 568 3191 quim
578 3115 796 3191 juramentum:
810 3106 892 3189 atqui
905 3112 936 3170 ln
949 3111 1105 3219 violationp

72 3229 75 3238 -
153 3193 214 3252 voti
229 3189 315 3251 datur
328 3191 457 3270 parvitas
470 3191 702 3270 materiae;·ergo
716 3189 741 3250 o
755 3187 785 3248 in
800 3189 937 3270 perjurio.
1032 3205 1037 3216 '

195 3271 232 3330 u.
243 3271 280 3330 Id
293 3291 358 3332 esee
368 3271 574 3352 impertinens:
589 3271 715 3352 quiapro
724 3269 849 3330 veritate
860 3269 933 3330 dicti
944 3269 973 3330 S.
983 3267 1104 3414 nomi

154 3351 268 3419 sufficit,
284 3349 364 3430 quod
377 3350 516 3429 obligatio
528 3351 589 3410 voti
604 3351 634 3408 in
648 3367 757 3430 genere
772 3347 834 3408 sive
848 3347 986 3427 obligatio
1000 3367 1095 3408 summ

153 3430 214 3488 voti
228 3430 267 3508 sit
280 3432 372 3508 major
386 3429 473 3508 quam
488 3430 625 3508 obligatio
634 3429 813 3512 juramenti;
827 3427 958 3508 quamvis
971 3428 1003 3488 in
1017 3415 1103 3504 violai

153 3509 234 3568 tione
248 3509 308 3568 voti
330 3509 359 3566 in
373 3529 483 3588 genere
507 3510 594 3570 detur
607 3509 735 3602 parvitas
752 3507 895 3576 materiae,
919 3527 977 3566 non
991 3507 1022 3568 in
1041 3523 1102 3590 pen

147 3588 226 3665 jurio
240 3607 278 3647 ex
294 3587 412 3648 defectu
426 3587 576 3658 veritatis;
600 3587 687 3650 sicuti
708 3585 846 3664 obligatio
867 3585 987 3664 vlrtutis
1009 3585 1102 3647 charit

38 3707 44 3719 ,
151 3667 220 3756 tatis
234 3669 328 3746 major
334 3678 381 3728 est
396 3667 482 3748 quim
493 3667 647 3740 castitatis,
662 3665 794 3746 quamvis
805 3667 893 3726 detur
903 3665 1033 3748 parvitas
1044 3683 1101 3743 mm¹
