2256 4090
5 153 7 236 ι

430 213 474 257 na
495 211 589 258 voto.
636 219 640 230 ·
928 195 983 252 loa

67 349 105 413 R.
125 351 230 414 Plures
244 373 347 414 sensus
358 355 498 436 assignari
511 327 651 434 possunt:
665 355 782 434 nempe,
884 368 886 372 ’

68 436 92 490 l.
112 431 204 500 Quod
216 433 281 493 haec
294 434 435 512 professio
449 435 599 495 contineat
613 435 685 494 duos
699 447 792 503 actus,
806 451 906 500 unum,
922 433 980 512 quo

30 523 111 572 vovet
130 513 217 582 Deo3
242 513 375 582 alterum,
395 530 452 592 quo
466 513 610 593 promittit
625 513 759 590 Sanctis:
784 513 867 594 ponit
881 524 979 572 autem

30 591 123 651 at'n
147 593 214 652 loco
229 592 320 654 citato
339 594 392 652 hos
406 605 489 674 aetus
510 593 565 653 sibi
579 593 789 671 subordinatos‚
807 593 854 672 ita
867 603 901 650 ut
914 611 980 672 pro·

29 669 124 730 missio
137 671 220 732 facta
232 670 347 733 Sanctis
362 671 400 732 sit
407 673 530 734 materia
539 673 609 742 voti,
626 667 704 751 quod
717 671 751 732 fit
764 671 840 741 Deo,
856 669 980 741 scilicet,

28 761 56 809 ut
68 762 179 811 vereat
189 749 264 820 Deo,
277 771 309 810 se
323 749 510 830 impleturum
520 753 599 832 quod
613 749 745 831 promisit
760 751 883 811 Sanctis.
903 751 978 809 Jux-

29 841 55 888 ta
67 829 149 890 hunc
176 847 292 890 sensum
306 830 425 894 violatio
448 831 514 890 talis
527 831 588 890 voti
602 831 718 890 videtur
731 831 840 891 habere
854 829 978 890 circum-

28 909 164 968 stantiam
185 909 343 988 specialem
357 909 388 968 in
410 909 593 972 confessione
618 911 847 996 exprimendam,
869 909 977 988 nempe

29 989 225 1048 irreverentia
239 999 341 1048 oontm
355 989 487 1049 Sanctos.
651 1009 653 1014 ·

60 1071 87 1125 2.
108 1067 183 1127 Dici
197 1079 304 1146 potest,
330 1067 410 1146 quid
423 1069 453 1128 in
467 1069 523 1128 illis
536 1069 633 1129 verbis
645 1090 704 1130 non
718 1067 898 1148 significetur
932 1087 977 1126 ro·

27 1147 120 1206 missio
144 1147 282 1208 facienda
306 1147 430 1216 Sanctia,
453 1148 506 1208 sed
520 1148 601 1226 qudd
625 1149 725 1209 Sancti
748 1087 931 1208 solummodd
943 1159 977 1206 ut

27 1238 111 1284 testes
126 1231 156 1284 a
169 1225 284 1306 patroni
295 1225 485 1286 invocentur:
508 1227 576 1287 ideo
592 1229 709 1306 quidam
723 1226 865 1306 Religiosi
890 1239 977 1286 utun·

27 1317 68 1364 uu
80 1305 141 1370 hdo
155 1305 301 1368 fumida:
321 1306 423 1366 Voveo
435 1308 503 1368 Deo
515 1327 614 1370 eoram
628 1307 721 1368 Beata
734 1306 856 1386 Virgine
870 1305 975 1376 Maria,

26 1389 72 1443 &e

57 1467 85 1521 8.
99 1463 218 1524 Sensus
224 1463 286 1523 dari
300 1473 406 1542 potest,
421 1465 502 1543 quod
511 1477 616 1527 voveat
629 1465 696 1528 Deo
706 1463 755 1526 illa
768 1465 866 1526 lacere
880 1465 911 1524 in
923 1465 976 1523 ho·
1025 1465 1026 1473 ’

24 1561 120 1602 norem
136 1543 322 1613 Sanctorum,
338 1545 468 1621 quamvis
482 1545 531 1606 illa
544 1565 601 1604 non
615 1545 766 1624 promittat
781 1545 914 1604 Sanctis:
938 1543 976 1602 si·

24 1633 68 1682 out
75 1635 181 1700 potest
190 1623 257 1701 quis
265 1624 332 1682 Deo
345 1643 451 1684 vovere
462 1644 493 1688 se
504 1624 640 1684 daturum
651 1625 866 1704 ele'e‘mosynam
876 1623 975 1692 Petro,

24 1701 88 1762 licet
111 1721 181 1762 eam
195 1722 254 1762 non
267 1701 434 1782 promiserit
447 1723 503 1766 neo
516 1703 669 1784 promittat
682 1703 780 1766 Petro.

233 1921 272 1981 N.
292 1923 340 1980 84.
360 1921 418 1981 DE
439 1922 637 1992 MATERIA
657 1922 766 1983 VOTI.

290 2079 324 2139 S.
343 2079 442 2140 Tlom.
453 2081 480 2138 Ξ.
489 2081 519 2139 2.
532 2099 560 2162 q.
576 2081 623 2140 88.
636 2099 664 2140 u.
678 2083 706 2138 2.

21 2239 41 2296 Ι.
58 2237 194 2298 Moerin
260 2241 339 2300 timo
352 2237 378 2312 ὃς
391 2249 487 2299 rentot.
529 2237 792 2297 ILMoteriodebet
802 2237 970 2297 essebonum

65 2317 181 2387 melius,
222 2337 246 2375 o.
287 2315 343 2376 111.
369 2319 517 2391 Quomodo
530 2315 621 2377 morbi
633 2319 693 2378 sint
704 2319 825 2376 materia
846 2317 919 2378 Voti.

53 2475 157 2541 QUAE
173 2486 221 2534 est
234 2473 363 2536 Materia
375 2475 460 2536 voti?

53 2556 77 2612 1.
92 2555 132 2613 lt.
146 2553 278 2614 Materia
290 2553 351 2614 voti
365 2555 474 2635 duplex
489 2565 543 2625 est,
558 2555 730 2636 proxima&
744 2567 864 2616 remota.

53 2633 189 2694 Materia
211 2633 344 2714 proxima
358 2647 405 2694 est
425 2635 557 2694 voventis
571 2647 654 2696 actus
669 2635 715 2696 vel
738 2635 855 2694 omissio
868 2637 970 2696 actus:

20 2723 130 2773 remota
143 2722 193 2773 est
214 2731 261 2774 res
275 2713 332 2784 illa,
347 2713 426 2775 circa
448 2733 535 2794 quam
548 2727 632 2775 aetus
645 2713 694 2775 ille
715 2715 763 2776 vel
777 2715 893 2775 omissio
906 2735 970 2776 ver·

20 2805 106 2851 satur.

54 2871 94 2929 11.
115 2870 251 2932 Materia
271 2891 378 2951 nempe
392 2873 524 2952 proxima
538 2893 603 2932 esse
625 2873 835 2934 debetbonum
854 2873 968 2944 melius,

22 2947 95 3028 quod
109 2961 160 3010 est
181 2950 211 3008 in
225 2961 372 3033 potestate
385 2951 536 3012 voventis:
561 2953 683 3032 proinde
697 2953 894 3032 impossibilia,
918 2971 969 3012 ne·

20 3031 152 3099 cessaria,
173 3029 276 3090 illicita
288 3031 335 3090 vel
350 3030 544 3090 indifferentia
558 3037 583 3088 δι
596 3033 693 3091 minus
705 3033 814 3092 bonum
828 3051 885 3090 non
900 3045 970 3092 sunt

20 3109 142 3170 materia
155 3108 228 3181 voti,
250 3109 292 3170 lta
304 3121 339 3168 ut
359 3109 525 3188 hujusmodi
547 3123 646 3170 votum
662 3112 700 3172 sit
716 3111 826 3170 nullum
849 3110 968 3171 defectu

19 3189 146 3247 materiae
163 3186 308 3266 ¹legitimae
319 3209 326 3246 ι
337 3187 341 3194 ’
353 3187 480 3266 Stultum
503 3190 581 3249 enim
604 3202 691 3260 esset,
716 3191 757 3250 ait
773 3189 802 3249 S.
816 3189 921 3249 'l'hom
944 3192 968 3250 si

19 3267 78 3344 quis
101 3279 228 3328 voveret
241 3287 272 3327 se
291 3287 356 3328 esse
370 3269 560 3340 moriturum:
585 3270 616 3328 id
629 3282 737 3338 autem,
763 3269 840 3348 quod
854 3282 900 3329 est
913 3269 969 3328 illi·

8 3347 115 3416 nitum,
131 3347 196 3406 sive
211 3359 374 3426 peecatum,
388 3363 446 3408 non
455 3360 504 3408 eat
516 3349 639 3426 materia
653 3349 750 3410 cultus
764 3349 864 3418 divini,
879 3369 966 3430 quern

5 3927 7 4020 l

20 3439 114 3486 ratum
125 3426 262 3486 includit.

53 3505 123 3584 Obj.
149 3505 248 3566 Recte
260 3505 295 3565 fit
307 3517 407 3565 votum
432 3507 469 3566 de
484 3507 642 3567 tolerandis
666 3507 814 3568 morbis&
834 3507 966 3588 injuriis:

20 3585 95 3678 atqui
108 3586 206 3644 morbi
220 3605 259 3644 sae
319 3605 377 3645 non
392 3586 500 3646 suntin
522 3597 669 3665 potestate
682 3585 798 3657 nostra;
821 3607 891 3666 ergo
905 3607 966 3648 ma·
983 3625 988 3636 ·

21 3677 90 3724 terra
101 3663 165 3724 voti
178 3683 238 3724 non
273 3665 342 3725 ebet
356 3685 420 3726 esse
434 3665 464 3724 in
478 3677 625 3745 potestate
639 3679 746 3726 nostra

57 3743 111 3802 lll.
134 3743 173 3802 R.
188 3743 268 3802 Dist.
292 3763 389 3805 oona:
413 3765 483 3823 ergo
506 3745 629 3805 materia
650 3745 783 3826 proxima
795 3765 852 3806 non
875 3743 963 3806 debet

23 3840 81 3882 esse
102 3823 133 3883 in
146 3833 298 3904 potestate
310 3835 426 3897 nostra;
447 3843 524 3904 nego
537 3843 673 3904 correp:
697 3845 768 3904 ergo
781 3825 903 3885 materia
915 3843 963 3884 re·

683 4001 813 4068 A
