2236 4084
129 107 169 168 42
525 124 566 167 on
587 125 684 169 uonrs

130 263 323 326 tributionum
337 263 533 336 amissionem,
557 266 630 334 item
644 268 702 340 ille,
720 267 770 359 qui
784 267 883 346 primis
897 287 948 332 sex
969 270 1065 331 mensi-

126 343 184 404 bus
199 343 336 404 Officium
357 364 415 404 non
431 345 549 416 dixerit,
573 346 630 405 nisi
643 343 817 426 legitimum
839 347 1065 428 impedimentum

130 425 227 504 ipsum
249 423 446 494 excusaverit,
468 444 558 504 grave
577 437 736 505 peccatum
755 425 900 506 intelligat
919 425 1066 486 admisisse.

128 503 326 564 Declarantes
349 503 560 574 Praestimonia,
592 507 835 584 prastimoniales
864 506 1017 586 portiones,
1046 512 1067 564 tr

129 584 353 662 qualiacumque
373 583 433 645 alia
453 583 614 655 Beneficia,
637 586 727 646 etiam
749 586 862 644 nullum
880 585 995 644 omuino
1017 605 1068 647 sor-

125 664 234 722 ‘vitium
248 661 389 722 habentia
401 661 579 733 obtinentes,
595 685 663 724 cum
683 665 833 745 praedicti‘s
851 663 962 744 pariter
975 659 1070 724 conve·

128 743 203 802 nire.
243 745 288 802 At
311 741 489 820 quicumque
516 743 697 820 pensionem,
720 746 843 813 fructus,
868 755 921 803 aut
943 743 1012 802 alias
1031 764 1072 803 res

130 817 366 892 Ecclesiasticus,
383 832 418 887 ut
431 821 566 882 Clericus
585 824 666 902 perci
689 825 720 894 it,
752 843 824 884 eum
838 823 925 884 modo
944 823 1073 902 predicto

130 902 169 962 ad
191 902 350 962 dicendum
374 899 500 960 officium
522 921 645 982 parvum
667 846 785 972 iusum
805 901 931 962 Mamas
952 902 1073 980 Virginis

131 981 318 1042 decernimus
339 979 509 1058 obligatrun,
520 985 546 1039 dr
559 981 742 1062 pensionum,
756 983 907 1042 fructuum
922 1001 1071 1060 rerumque

131 1062 262 1140 ipsarum
275 1059 424 1120 amissioni
438 1061 623 1120 obnoxium.”
853 1109 858 1117 .
949 1125 973 1138 ἴ,

170 1141 222 1200 1v.
243 1139 379 1200 Observa
392 1139 471 1198 circa
480 1139 568 1220 hujus
579 1141 797 1202 constitutionis
807 1143 905 1212 verba,
917 1139 1023 1220 quibus
1033 1140 1076 1200 de-

132 1221 272 1290 cernitur,
298 1231 333 1279 ut
354 1217 558 1292 intermittens
579 1239 698 1300 parvam
719 1221 816 1282 Officii
835 1219 947 1286 horam,
968 1219 1078 1279 amittat

131 1311 247 1360 sextam
262 1296 470 1377 dieipartem,
480 1303 554 1358 esm'
566 1299 789 1378 intelligendam
809 1299 875 1359 esse
890 1309 1006 1359 sextam
1020 1317 1077 1377 par·

79 1375 82 1382 ’
130 1392 193 1442 tem
232 1377 402 1438 medietatis
438 1377 589 1437 fructuum
617 1379 750 1459 ejusdem
781 1379 849 1448 diei,
883 1399 922 1438 ne
945 1378 1078 1456 'alioquin

131 1470 273 1540 sequatur
293 1457 461 1527 absurdum,
483 1459 591 1538 nempe
611 1461 691 1538 qubd
710 1459 849 1520 omittens
871 1469 999 1538 quatuor
1021 1476 1080 1536 par·

118 1544 184 1598 'vas
209 1537 309 1598 Horas
333 1537 576 1622 teneretur'plus
599 1539 767 1610 restituere,
795 1540 882 1618 quam
907 1537 960 1620 qui
985 1555 1080 1598 omnes

132 1637 187 1679 sex
200 1617 366 1681 omitteret
462 1673 465 1680 .
675 1633 679 1639 '
750 1636 753 1642 ’
849 1637 852 1644 ’
947 1636 952 1645 ·
1098 1639 1099 1644 ’

170 1699 207 1757 V.
228 1697 317 1756 Alex.
337 1693 405 1758 vu.
426 1695 506 1756 circa
525 1697 602 1762 hanc
622 1697 777 1762 materiam
790 1695 940 1758 damnavit
952 1696 1008 1757 has
1021 1695 1099 1776 pro-³

121 1783 127 1792 '
153 1779 307 1838 ositiones:
527 1833 529 1838 .
557 1784 560 1793 '
680 1775 691 1840 .'
716 1831 723 1846 ..
929 1797 955 1840 .·

131 1795 151 1858 p
172 1855 362 1916 “Restitutio
382 1853 469 1915 iPio
482 1855 518 1914 V.
537 1855 674 1936 imposita
687 1853 745 1918 irori
759 1849 955 1918 recitaritrbus
968 1852 1081 1914 Benefi-

133 1935 227 2006 ciatis,
240 1955 301 2002 non
312 1936 436 2000 debatur
451 1935 481 1993 in
492 1937 753 2014 conscientiaante
764 1933 941 1998 seutentiam
955 1933 1083 2020 declara-

133 2017 237 2076 toriam
251 2013 375 2084 Judicis,
387 2013 428 2072 'eb
439 2013 520 2093 qudd
533 2015 572 2074 sit
585 2012 697 2095 poena?
715 2011 774 2076 Est
783 2017 831 2074 20.
843 2014 923 2074 iuter
937 2015 1035 2076 dam.··

123 2147 144 2174 Ι,
173 2104 190 2174 *ξ
201 2093 365 2156 Restitutio
377 2095 528 2156 fructuum
543 2096 782 2165 ob,omissionem
792 2091 940 2154 Horarum
956 2092 1083 2172 suppleri

119 2180 233 2256 “potest
246 2193 300 2254 per
315 2169 515 2256 quascumque
530 2175 657 2236 elee'r'nos
700 2195 740 2245 as,
756 2185 828 2278 quas
841 2171 1084 2240 antea'Benefici-

120 2255 211 2314 'arius
226 2255 263 2314 de
276 2253 422 2312 fructibus
436 2253 481 2311 sui
495 2253 638 2316 Beneficii
664 2255 765 2314 ecerit
775 2252 918 2314 ''Estssb
934 2277 938 2284 ·
991 2270 999 2280 ·

172 2333 224 2392 v1.
244 2333 386 2403 Observa,
401 2330 480 2411 qubd
491 2332 542 2392 illa
555 2331 704 2396 restitutio
715 2337 772 2392 non
788 2331 831 2396 sit,
850 2335 907 2396 ''ure
918 2351 1019 2414 poena,
1035 2329 1085 2390 sed

100 2421 103 2428 '
132 2413 274 2473 naturalis
294 2413 424 2491 quadam
445 2409 592 2492 obligatio,
612 2413 715 2472 saitem
732 2425 803 2492 ,post
850 2409 917 2472 once
930 2409 998 2494 Lat.
1020 2410 1085 2490 quia

119 2491 298 2554 ‘Concilium
316 2493 373 2554 hoc
394 2491 536 2562 desernit,
567 2503 603 2552 ut
624 2491 824 2554 Beneficiatus
853 2491 997 2550 “fructus
1020 2507 1084 2550 suos

129 2569 191 2634 'non
205 2571 319 2642 faciat,”
333 2573 449 2652 adeoqu
481 2575 621 2650 tanquam
636 2571 742 2652 injuste
757 2563 913 2650 percept'os
927 2569 1085 2628 restituere

121 2654 250 2723 'debeat
266 2652 405 2712 odmnon
420 2591 675 2792 siqtfructussui.
856 2665 859 2672 '
943 2651 947 2680 ²
1017 2658 1031 2690 ·’

120 2737 125 2744 “
173 2727 246 2790 VII.
259 2733 309 2790 An
320 2731 450 2791 Benefici
471 2739 518 2794 tus
528 2731 666 2790 omittens
676 2727 1002 2810 primis‘sex'mensibus
1013 2727 1085 2785 Hor.

134 2813 206 2874 Can.
220 2811 366 2890 obligatur
380 2812 418 2870 ad
426 2793 648 2874 ‘reititutionem
665 2811 838 2888 fructuum?
885 2807 888 2814 '
1010 2807 1013 2816 ’

174 2893 211 2950 R.
232 2889 280 2952 De
290 2891 347 2950 hoc
361 2890 432 2949 Pius
443 2889 481 2947 V.
494 2888 567 2946 nihil
582 2889 694 2951 statuit.
715 2943 718 2952 ,
735 2889 795 2952 Sed
807 2899 911 2952 tamen¹
921 2883 1003 2946 r‘eotc
1017 2905 1085 2945 cum

125 2965 208 3030 'Soto¹
217 2975 243 3028 ὅτ
254 2971 363 3031 Suarez
376 2967 427 3028 lib.
438 2974 466 3027 4.
481 2969 517 3027 de
529 2967 603 3029 Hor.
617 2969 689 3027 Can.
703 2987 766 3048 cap.
780 2965 1086 3041 29zdi'citur‘eund'em

135 3050 257 3128 obligari
268 3051 305 3110 ad
315 3047 532 3112 restitutionem
541 3046 668 3140 aliquam
679 3066 717 3110 ex
725 3051 928 3126 jurenaturae3
942 3063 1009 3104 nam
1020 3065 1085 3122 per-

124 3128 209 3206 'cipit
224 3129 338 3192 fructus
352 3147 406 3208 per
418 3128 537 3190 modum
556 3123 704 3205 stipendii,
717 3127 760 3185 ita
773 3136 807 3184 ut
828 3125 967 3185 omittens
987 3123 1085 3184 Horas

125 3207 207 3268 'Can
217 3208 307 3271 violet
313 3203 458 3286 Justitiain
470 3232 477 3276 ;
490 3207 521 3264 id
534 3205 663 3270 insinuat
677 3203 767 3277 Corio.
776 3204 968 3274 Latdicens,
983 3203 1084 3281 “quod
1098 3237 1099 3242 κ

134 3297 256 3366 propter
269 3287 405 3348 Officium
425 3284 737 3348 deturbenefi'cium·’''
842 3341 880 3368 ,ἱ
922 3281 926 3288 ’
973 3283 976 3290 ’

125 3373 128 3380 ’
175 3365 260 3424 VIII.
279 3365 354 3424 Inde
372 3365 450 3426 idem
466 3367 555 3426 Cone.
567 3363 635 3424 Lat.
650 3364 721 3426 Cani
735 3366 762 3422 t.
776 3363 934 3424 decernit:
950 3363 974 3421 si
988 3363 1083 3422 Bene·
1098 3401 1099 3404 η

124 3443 252 3516 ‘ficiatus
275 3443 308 3502 in
330 3442 417 3502 simili
436 3445 618 3524 negligentia
649 3443 863 3530 contumaciter
878 3441 1081 3534 permanserit,

124 3519 285 3590 'Beneficio
299 3523 363 3604 ipso
377 3523 518 3604 privetur,
616 3533 620 3542 '
718 3581 721 3590 ,
