2244 4082
276 586 729 688 TRACTATUS

483 857 525 904 DE

312 1043 694 1121 FORTITUDINE

101 1262 138 1322 N.
157 1261 226 1322 249.
267 1259 428 1326 TERTIA
449 1209 637 1326 lllRTUTE
659 1261 910 1366 CARDINALI.

282 1460 321 1522 u.
334 1459 440 1523 Tuom.
455 1463 484 1522 a.
496 1463 527 1521 2.
540 1447 639 1542 orori
651 1463 719 1522 rra.

28 1623 48 1680 l.
78 1620 231 1700 Definitio.
273 1619 314 1681 11.
348 1619 494 1700 offertum
516 1619 664 1681 materiale
685 1622 802 1702 obqueo.
842 1621 900 1682 111.
925 1622 982 1682 Ob-

72 1699 334 1858 mam
373 1700 428 1760 lv.
456 1699 978 1820 Vrtiapmeocesranu.V.Etper

20 1927 23 1936 ⁴
62 1933 781 2020 FORTITUDOgeneraliteracceptaimportat
790 1939 880 2001 animi
891 1939 981 2000 firmi·

26 2028 118 2078 tatem
133 2018 164 2078 in
188 2019 347 2098 operando,
371 2016 574 2082 &secunddm
588 2019 645 2080 hoc
659 2031 707 2080 eat
719 2020 867 2159 ἧξεηίἱε
880 2019 983 2090 virtus,

26 2097 71 2156 vel
86 2097 188 2176 potiris
200 2095 332 2158 conditio
345 2098 504 2178 cujuslibet
515 2099 642 2159 virtutis.
678 2100 707 2160 S.
770 2141 778 2158 .

63 2176 89 2234 Ι.
113 2175 280 2249 Fortitudo,
305 2197 370 2257 quae
385 2189 431 2238 est
444 2178 538 2240 virtus
552 2177 697 2258 specialis,
722 2177 869 2258 dignitate
892 2179 981 2240 tertia

26 2256 103 2317 inter
128 2266 256 2336 quatuor
274 2257 446 2327 cardinales,
470 2258 604 2318 residens
627 2258 657 2318 in
680 2260 816 2344 appetitu
836 2259 983 2330 irascibili,

25 2335 224 2398 describitur:
250 2337 380 2398 “Virtus
393 2337 520 2406 moralis,
536 2357 601 2432 quoe
614 2337 645 2396 in
652 2337 867 2418 aggrediendis
880 2343 906 2397 δι
920 2358 983 2400 sus·

26 2415 159 2476 tinendia
182 2419 270 2477 rebus
284 2417 384 2477 arduis
397 2416 445 2476 vel
469 2417 677 2478 difficilioribus
701 2415 870 2482 moderatur
893 2419 983 2477 animi

26 2496 187 2571 passiones,
203 2501 229 2554 81
243 2496 311 2556 inde
326 2499 541 2575 subsequentes
555 2497 713 2557 actiones.’'
751 2497 802 2566 ¹Ito
814 2497 964 2578 Wiggers.

792 2099 948 2160 admo

63 2575 104 2634 ΙΙ.
128 2575 290 2654 objectum
314 2578 379 2656 ejus
400 2576 554 2636 materiale
578 2587 724 2644 remotum
739 2589 808 2637 sunt
821 2595 869 2636 res
883 2578 982 2636 arduae
1062 2631 1067 2638 ,

24 2655 69 2712 vel
86 2653 231 2724 difficiles,
242 2660 268 2713 ἃ
282 2655 431 2736 precipue
445 2655 576 2733 pericula
589 2656 710 2725 mortis3
724 2657 873 2734 objectum
884 2657 982 2733 proxi·

23 2753 104 2792 mum
119 2745 169 2793 est
181 2735 344 2794 moderatio
356 2745 490 2794 motuum
504 2734 656 2794 timoris&
675 2735 815 2805 audaciae,
830 2735 902 2794 item
916 2737 983 2796 tris·

24 2814 118 2881 titiae;
144 2809 216 2872 dum
231 2815 309 2874 enim
324 2814 480 2874 difficultas
500 2814 632 2893 superari
646 2833 703 2876 non
718 2825 827 2894 potest,
841 2813 983 2874 fortitudo

23 2893 197 2954 moderatur
210 2893 360 2954 tristitiam
373 2893 403 2951 in
417 2892 598 2962 sustinendo,
613 2899 638 2951 δι
653 2893 801 2972 patiendo,
816 2894 897 2974 Wig.
911 2915 940 2952 n.
954 2897 984 2951 5.

62 2973 123 3032 ΙΙΙ.
138 2971 435 3052 Objectumformale
450 2983 497 3031 est
510 2972 650 3032 honestas
664 2973 795 3044 rationis,
820 2993 885 3054 qnoe
900 2973 981 3032 inve-

23 3053 103 3112 nitur
119 3051 250 3118 infirma
272 3052 362 3128 animi
384 3051 550 3112 constantia
574 3052 604 3110 in
626 3051 826 3132 aggrediendo
848 3058 873 3110 ἃ
896 3054 983 3112 susti-

23 3131 123 3192 nendo
134 3132 236 3192 ardua.
267 3131 363 3212 Igitur
374 3131 485 3210 duplex
500 3141 546 3191 est
559 3143 645 3192 actus
655 3131 845 3202 fortitudinis,
860 3133 983 3212 aggredi

22 3215 45 3268 dr
59 3211 216 3272 sustinere
230 3229 298 3270 eum
310 3211 452 3270 firmitate
465 3209 563 3270 animi.

59 3290 116 3349 1v.
133 3289 216 3350 Vitia
228 3291 363 3370 opposita
374 3290 542 3350 fortitudini
595 3309 609 3349 r
620 3309 776 3351 excessum
787 3302 858 3350 sunt
870 3291 981 3350 intimi-

23 3370 97 3430 ditas
113 3374 142 3428 ἃ
156 3371 318 3440 temeritas,
330 3371 392 3430 sive
406 3370 538 3430 audacia.
576 3412 583 3429 .
599 3370 705 3431 Thom.
719 3392 748 3450 q.
764 3373 829 3430 127.

59 3449 95 3507 V.
111 3449 198 3510 Vitia
210 3449 346 3528 opposita
358 3467 413 3528 per
426 3449 576 3512 defectum
585 3456 662 3513 *sunt
674 3449 817 3512 timiditas
838 3455 864 3510 tr
878 3454 934 3512 sub
948 3471 984 3512 ea

22 3529 149 3605 ignavia.
190 3527 241 3589 lta
253 3529 402 3608 Wiggers.

13 3613 18 3628 ‘
58 3609 141 3669 Sunt
151 3619 256 3669 autem
269 3609 334 3668 haec
343 3607 416 3668 vitia
429 3620 554 3688 peccata
563 3608 697 3671 mortalia
706 3610 754 3670 vel
765 3609 891 3672 venialia
895 3614 982 3690 juxta

19 3687 263 3768 rationemmnli,
282 3688 363 3768 quod
376 3707 416 3748 ex
430 3687 475 3748 eis
493 3689 698 3760 committitur,
712 3689 760 3750 vel
773 3690 981 3771 obligationem

19 3769 95 3838 boni,
112 3769 199 3848 quod
209 3767 446 3849 praetermittitur
463 3767 492 3904 S2
507 3767 612 3828 Thom.
628 3789 655 3848 q.
669 3771 734 3829 125.
748 3788 774 3830 a.
788 3773 815 3830 3.

513 3865 533 3907 o
