2256 4090
254 163 259 172 “
300 224 302 229 ,
420 173 464 218 ou
482 175 583 220 voror
921 152 977 216 tta

44 314 236 397 professionem
250 313 280 374 in
295 315 459 395 Religioue,
473 327 579 396 peccat
588 313 725 394 graviter,
739 325 859 394 propter
869 299 976 393 decep-

44 397 138 456 tionem
153 394 539 474 Superiorumdzstatutunr
553 394 705 460 Ecclesia.
958 401 967 436 ⁹·

75 474 121 532 Vl.
141 476 191 534 An
211 486 317 554 peccat
334 473 368 545 si,
388 495 477 555 quern
495 474 621 553 poeuitct
637 473 699 534 voti
715 472 796 544 facti,
811 471 976 544 siccamen,

43 567 69 616 ot
80 553 145 632 quia
157 555 246 625 vovit,
260 554 461 616 velitomniuo
474 553 596 634 implere
609 565 709 616 votum
723 553 831 614 suum?

72 633 105 692 R,
126 633 229 694 Solent
242 632 351 694 similes
369 645 454 694 actus
474 653 540 693 erse
561 631 646 693 otiosi
661 637 688 691 dr
700 632 796 700 nocivi
810 630 976 692 devotioni:

42 723 228 773 verumtamen
242 714 361 774 eosdem
375 711 393 772 ὲ
405 724 528 792 peccato
541 712 657 775 mortali
670 728 737 772 csse
746 711 892 772 immunes
902 710 977 770 indi·

42 804 80 852 cat
93 791 120 853 S·
136 791 242 852 Tuom.
254 795 283 850 2.
296 793 326 852 2.
340 811 368 870 q.
381 793 430 852 88.
443 807 470 854 a
483 794 514 850 6.
526 791 565 854 ad
577 793 646 870 2.Ιά
660 791 778 871 Sylvius
794 789 913 852 eosdem
925 788 977 849 eli·

42 869 146 950 quando
159 870 178 930 u
190 883 253 931 toto
266 882 397 932 excusat.
500 945 502 948 ¹
713 901 721 908 ν

188 1110 226 1170 N.
246 1111 295 1169 98.
315 1109 374 1170 DE
396 1109 690 1174 OBLIGATIONE
712 1107 823 1168 VOTI.

43 1266 132 1328 ilict
153 1266 288 1343 silicano
310 1267 481 1346 Religionis.
521 1268 562 1328 11.
584 1267 828 1348 &mpetum
844 1284 980 1326 oemmcn·

87 1357 157 1405 mm.
205 1349 261 1406 111.
290 1347 359 1408 Volo
380 1347 518 1426 corepiscopi
545 1357 640 1426 potest
662 1348 818 1426 morando
844 1345 981 1406 lemano.

88 1425 140 1484 IV.
158 1425 214 1486 Ec
235 1427 304 1486 Vota
316 1427 441 1506 simplici
462 1426 522 1486 eolo
534 1447 593 1488 nore
605 1428 769 1504 acquiritur
779 1425 838 1486 Jus
849 1424 924 1484 loru
944 1425 981 1484 V.

93 1507 252 1578 Quarum
272 1505 458 1583 obligationis
486 1505 559 1566 Voti.
599 1505 651 1564 Vl.
679 1505 781 1568 Votum
801 1508 834 1564 iu
859 1507 981 1564 macria

84 1587 174 1660 praei
186 1585 239 1644 seed
251 1585 315 1644 leci,
354 1585 424 1644 vtL
449 1584 581 1663 Oljcotio.
620 1585 704 1644 Vlll.
729 1583 881 1644 Conclusio
892 1603 981 1661 prcc-

86 1665 153 1722 ticu.
195 1663 249 1722 IX.
277 1663 832 1740 Votumiumctericqmuisudlcci.
873 1661 981 1726 ΚΑΒ

79 1743 159 1820 finis
180 1741 246 1802 Voce·
257 1743 304 1802 vel
314 1744 415 1803 modus
426 1744 534 1808 cadant
544 1743 596 1802 oreb
609 1743 779 1820 obligatione
799 1741 871 1802 Voti.

69 1901 168 1968 oms
184 1913 231 1962 eet
244 1901 367 1962 effectus
380 1901 441 1962 voti
452 1903 466 1962 Ρ

60 1977 92 2038 Ἰ.
113 1979 250 2041 Effectus
265 1981 328 2042 voti
342 1981 559 2042 intrinsecus&
576 1980 705 2042 formalis
723 1992 770 2042 est
791 1979 931 2073 obligatio
951 1979 981 2040 in

39 2057 221 2130 couscientia,
243 2059 394 2153 suppositis
407 2059 466 2120 Dei
478 2059 692 2139 acceptatione,
714 2081 779 2138 quae
800 2059 984 2120 invisibiliter

38 2159 147 2218 semper
161 2152 361 2218 conseqmtur,
375 2140 399 2200 si
413 2151 523 2202 caetera
535 2139 678 2218 requisita
691 2139 729 2200 ad
742 2151 843 2200 votum
856 2137 964 2198 adsint.

70 2218 175 2285 Qualis
190 2230 236 2280 est
249 2219 387 2298 obligatio
400 2219 485 2280 voti?
890 2263 892 2270 >

70 2297 106 2364 li.
130 2297 190 2357 Est
208 2298 346 2376 obligatio
360 2298 473 2359 directo
487 2297 577 2358 solius
590 2297 707 2358 virtutis
722 2297 895 2390 Religionis,
915 2317 984 2358 con·

39 2377 127 2439 tineus
146 2377 319 2437 fidelitatem
338 2381 364 2436 ἃ
382 2377 537 2457 quamdam
556 2378 595 2437 ad
612 2377 711 2438 Deum
728 2377 874 2456 jusntiem
893 2397 984 2456 genc-

37 2455 108 2524 rice3
128 2461 157 2515 dt
179 2456 354 2518 ita‘violans
375 2467 476 2518 votum
495 2457 602 2536 Jejuuii
625 2477 683 2516 non
707 2456 856 2536 praecepti,
878 2468 985 2534 peccat

37 2547 134 2594 centra
150 2535 345 2614 Religionem,
359 2555 417 2596 non
430 2547 534 2598 contra
547 2535 780 2614 temperantiam.

70 2614 109 2672 11.
133 2614 263 2676 Ptoiudc
284 2616 516 2694 scrupulosorum
535 2627 703 2676 commenta
720 2627 798 2685 sunt,
823 2614 939 2694 quaudo
953 2635 985 2676 se

37 2714 82 2770 per
108 2705 215 2754 votum
242 2695 369 2772 obligare
395 2695 498 2755 volunt
525 2697 579 2756 sub
603 2705 728 2773 peccato
754 2694 882 2763 heresis,
908 2695 985 2758 blas·

37 2773 169 2848 phemioe,
187 2778 242 2834 &a
262 2773 331 2866 quis
350 2791 403 2854 per
420 2785 521 2834 votum
539 2793 626 2834 nemo
644 2773 700 2834 sibi
720 2785 818 2852 potest
836 2773 986 2852 imponere

37 2851 244 2930 obligationem
257 2854 313 2914 mci
330 2853 507 2932 Religionis
525 2853 611 2914 aliter
631 2853 719 2932 quim
739 2851 849 2914 accidit
867 2853 897 2911 in
916 2872 986 2916 con·

37 2931 138 2991 deudis
153 2931 278 3010 legibus,
320 2932 438 2992 Suarcz.
452 2953 479 2993 c.
492 2935 521 2992 3.
533 2954 563 2992 u.
576 2933 605 2990 9.

71 3009 128 3068 ΙΙΙ.
157 3011 390 3082 Observandum,
415 3011 495 3090 qudd
518 3023 618 3074 votum
640 3011 768 3092 aliquod,
795 3031 823 3070 r.
843 3031 873 3090 g.
896 3009 985 3072 dandi

37 3089 256 3170 ele'e'mosynam
271 3087 413 3150 Ecclesiae
436 3091 483 3150 vel
506 3091 637 3170 pauperi,
665 3091 839 3170 quandoque
866 3089 909 3150 ite
934 3090 987 3152 fiat

39 3167 108 3239 Deo,
124 3179 163 3230 ut
173 3169 260 3228 simul
270 3169 421 3249 promissio
434 3170 576 3250 dirigetur
589 3170 628 3230 ad
640 3170 789 3232 hominem
803 3169 987 3262 quempiam3

37 3268 87 3325 quo
101 3260 290 3327 acceptante,
301 3251 350 3328 jus
371 3249 517 3342 quoddam
527 3248 688 3327 acquiritur
702 3249 844 3311 Ecclesrae
857 3249 904 3310 vel
917 3268 988 3328 pau·

37 3327 93 3404 peri
121 3347 167 3387 ex
189 3327 239 3386 illa
261 3327 452 3408 promiserone
472 3328 607 3398 humana,
634 3347 673 3388 ex
700 3347 758 3411 qua
786 3347 894 3388 vovens
922 3327 987 3406 cogi

36 3417 133 3482 potest
147 3407 266 3468 actione
277 3407 400 3486 justitiae
414 3407 444 3468 in
456 3407 520 3470 foro
534 3417 667 3468 externo.

70 3486 183 3546 Potest
195 3497 295 3546 autem
309 3486 434 3565 quilibet
450 3487 538 3548 homo
558 3485 764 3565 promissiones
783 3486 900 3556 similes,
913 3503 988 3564 ,quse

38 3563 105 3624 fiunt
115 3565 161 3624 ad
172 3585 274 3642 causas
282 3565 354 3644 pias,
363 3577 527 3646 acceptare,
538 3565 695 3626 dummodo
707 3565 746 3626 ad
759 3565 854 3646 ipsum
862 3565 984 3643 promis·

32 3641 120 3704 sionis
135 3645 231 3704 verba
245 3644 415 3723 dirigantur.
828 3643 838 3670 ⁸

71 3721 125 3781 tv.
151 3723 187 3784 Si
203 3735 301 3784 autem
315 3743 382 3784 curu
402 3723 527 3802 simplici
546 3735 623 3792 roto,
636 3743 665 3782 v.
677 3745 706 3802 g.
720 3723 808 3784 dandi
823 3722 983 3798 eleie'mcsy-

41 3819 109 3874 uam,
123 3802 213 3864 nulla
225 3803 282 3864 alia
294 3803 447 3885 promissio
464 3803 511 3866 vel
529 3801 667 3882 obligatio
686 3811 849 3871 concurrat,
870 3797 971 3875 eaurg'
