<?xml version="1.0" encoding="UTF-8"?>
<!DOCTYPE html PUBLIC "-//W3C//DTD XHTML 1.0 Transitional//EN"
    "http://www.w3.org/TR/xhtml1/DTD/xhtml1-transitional.dtd">
<html xmlns="http://www.w3.org/1999/xhtml" xml:lang="en" lang="en">
 <head>
  <title>
</title>
<meta http-equiv="Content-Type" content="text/html;charset=utf-8" />
  <meta name='ocr-system' content='tesseract 3.04.00' />
  <meta name='ocr-capabilities' content='ocr_page ocr_carea ocr_par ocr_line ocrx_word'/>
</head>
<body>
  <div class='ocr_page' id='page_1' title='image "./theologiamorali04densgoog_0015.png"; bbox 0 0 2236 4084; ppageno 0'>
   <div class='ocr_carea' id='block_1_1' title="bbox 582 97 607 166">
    <p class='ocr_par' dir='ltr' id='par_1_1' title="bbox 582 97 607 166">
     <span class='ocr_line' id='line_1_1' title="bbox 582 97 607 166; baseline 0 0"><span class='ocrx_word' id='word_1_1' title='bbox 582 97 607 166; x_wconf 76' lang='lat'>4</span> 
     </span>
    </p>
   </div>
   <div class='ocr_carea' id='block_1_2' title="bbox 23 269 1074 3774">
    <p class='ocr_par' dir='ltr' id='par_1_2' title="bbox 23 269 1068 1649">
     <span class='ocr_line' id='line_1_2' title="bbox 173 269 1058 372; baseline 0.002 -26"><span class='ocrx_word' id='word_1_2' title='bbox 173 269 329 348; x_wconf 86' lang='lat' dir='ltr'>Paterna</span> <span class='ocrx_word' id='word_1_3' title='bbox 345 271 417 360; x_wconf 89' lang='lat' dir='ltr'><strong>illa,</strong></span> <span class='ocrx_word' id='word_1_4' title='bbox 436 272 598 372; x_wconf 88' lang='lat' dir='ltr'>inquam,</span> <span class='ocrx_word' id='word_1_5' title='bbox 618 269 881 349; x_wconf 81' lang='lat' dir='ltr'>Benevolentia</span> <span class='ocrx_word' id='word_1_6' title='bbox 895 269 1058 350; x_wconf 86' lang='lat' dir='ltr'>fiduciam</span> 
     </span>
     <span class='ocr_line' id='line_1_3' title="bbox 122 371 1060 471; baseline 0.004 -25"><span class='ocrx_word' id='word_1_7' title='bbox 122 374 213 446; x_wconf 91' lang='lat' dir='ltr'><strong>mihi</strong></span> <span class='ocrx_word' id='word_1_8' title='bbox 229 373 398 471; x_wconf 79' lang='lat' dir='ltr'>adauget,</span> <span class='ocrx_word' id='word_1_9' title='bbox 418 384 461 447; x_wconf 91' lang='lat' dir='ltr'>ut</span> <span class='ocrx_word' id='word_1_10' title='bbox 477 371 633 448; x_wconf 82' lang='lat' dir='ltr'><strong>audeam</strong></span> <span class='ocrx_word' id='word_1_11' title='bbox 656 371 721 446; x_wconf 90' lang='lat' dir='ltr'>has</span> <span class='ocrx_word' id='word_1_12' title='bbox 738 371 927 448; x_wconf 74' lang='lat' dir='ltr'>Doctrina</span> <span class='ocrx_word' id='word_1_13' title='bbox 943 371 1060 450; x_wconf 87' lang='lat' dir='ltr'>Theo·</span> 
     </span>
     <span class='ocr_line' id='line_1_4' title="bbox 122 473 1062 574; baseline 0 -28"><span class='ocrx_word' id='word_1_14' title='bbox 122 473 253 572; x_wconf 85' lang='lat' dir='ltr'>logicae</span> <span class='ocrx_word' id='word_1_15' title='bbox 269 474 419 572; x_wconf 83' lang='lat' dir='ltr'>paginas</span> <span class='ocrx_word' id='word_1_16' title='bbox 437 473 505 547; x_wconf 91' lang='lat' dir='ltr'>sub</span> <span class='ocrx_word' id='word_1_17' title='bbox 534 473 698 547; x_wconf 87' lang='lat' dir='ltr'>umbone</span> <span class='ocrx_word' id='word_1_18' title='bbox 712 483 873 574; x_wconf 73' lang='lat' dir='ltr'>paternae</span> <span class='ocrx_word' id='word_1_19' title='bbox 889 483 962 548; x_wconf 83' lang='lat' dir='ltr'>tuae</span> <span class='ocrx_word' id='word_1_20' title='bbox 980 473 1062 547; x_wconf 90' lang='lat' dir='ltr'>Pro-</span> 
     </span>
     <span class='ocr_line' id='line_1_5' title="bbox 122 571 1064 672; baseline -0.003 -24"><span class='ocrx_word' id='word_1_21' title='bbox 122 575 294 648; x_wconf 90' lang='lat' dir='ltr'>tectionis</span> <span class='ocrx_word' id='word_1_22' title='bbox 324 575 563 672; x_wconf 81' lang='lat' dir='ltr'>consignare:</span> <span class='ocrx_word' id='word_1_23' title='bbox 591 571 731 646; x_wconf 86' lang='lat' dir='ltr'>Eadem</span> <span class='ocrx_word' id='word_1_24' title='bbox 749 575 884 672; x_wconf 92' lang='lat' dir='ltr'>quippe</span> <span class='ocrx_word' id='word_1_25' title='bbox 901 571 958 649; x_wconf 90' lang='lat' dir='ltr'><strong>his</strong></span> <span class='ocrx_word' id='word_1_26' title='bbox 972 571 1064 647; x_wconf 88' lang='lat' dir='ltr'><strong>foliis</strong></span> 
     </span>
     <span class='ocr_line' id='line_1_6' title="bbox 123 671 1064 774; baseline -0.001 -25"><span class='ocrx_word' id='word_1_27' title='bbox 123 697 294 774; x_wconf 86' lang='lat' dir='ltr'>expressa</span> <span class='ocrx_word' id='word_1_28' title='bbox 311 673 492 748; x_wconf 77' lang='lat' dir='ltr'>Doctrina</span> <span class='ocrx_word' id='word_1_29' title='bbox 509 684 577 760; x_wconf 82' lang='lat' dir='ltr'>est,¹</span> <span class='ocrx_word' id='word_1_30' title='bbox 595 695 678 772; x_wconf 87' lang='lat' dir='ltr'>quae</span> <span class='ocrx_word' id='word_1_31' title='bbox 696 671 741 746; x_wconf 88' lang='lat' dir='ltr'>ab</span> <span class='ocrx_word' id='word_1_32' title='bbox 758 672 914 748; x_wconf 88' lang='lat' dir='ltr'>alumnis</span> <span class='ocrx_word' id='word_1_33' title='bbox 931 673 1064 750; x_wconf 73' lang='lat' dir='ltr'>calam</span> 
     </span>
     <span class='ocr_line' id='line_1_7' title="bbox 112 771 1066 874; baseline -0.003 -26"><span class='ocrx_word' id='word_1_34' title='bbox 112 773 342 874; x_wconf 82' lang='lat' dir='ltr'>¹excipienda</span> <span class='ocrx_word' id='word_1_35' title='bbox 370 774 409 846; x_wconf 94' lang='lat' dir='ltr'><strong>in</strong></span> <span class='ocrx_word' id='word_1_36' title='bbox 445 772 647 847; x_wconf 88' lang='lat' dir='ltr'>Seminario</span> <span class='ocrx_word' id='word_1_37' title='bbox 671 772 806 850; x_wconf 85' lang='lat' dir='ltr'>tradita</span> <span class='ocrx_word' id='word_1_38' title='bbox 830 784 887 847; x_wconf 91' lang='lat' dir='ltr'>est</span> <span class='ocrx_word' id='word_1_39' title='bbox 909 771 1066 848; x_wconf 90' lang='lat' dir='ltr'>breviter</span> 
     </span>
     <span class='ocr_line' id='line_1_8' title="bbox 122 871 1062 972; baseline 0.002 -26"><span class='ocrx_word' id='word_1_40' title='bbox 122 874 259 972; x_wconf 89' lang='lat' dir='ltr'>pariter</span> <span class='ocrx_word' id='word_1_41' title='bbox 284 879 320 949; x_wconf 75' lang='grc' dir='ltr'>δι</span> <span class='ocrx_word' id='word_1_42' title='bbox 344 872 569 972; x_wconf 87' lang='lat' dir='ltr'>simpliciter,</span> <span class='ocrx_word' id='word_1_43' title='bbox 592 871 769 946; x_wconf 82' lang='lat' dir='ltr'><strong>methodo</strong></span> <span class='ocrx_word' id='word_1_44' title='bbox 793 872 1005 972; x_wconf 90' lang='lat' dir='ltr'>Tyronibus</span> <span class='ocrx_word' id='word_1_45' title='bbox 1029 879 1062 948; x_wconf 74' lang='grc' dir='ltr'>δι</span> 
     </span>
     <span class='ocr_line' id='line_1_9' title="bbox 124 971 1065 1088; baseline -0.001 -41"><span class='ocrx_word' id='word_1_46' title='bbox 124 973 350 1048; x_wconf 79' lang='lat' dir='ltr'><strong>discentibus</strong></span> <span class='ocrx_word' id='word_1_47' title='bbox 372 971 622 1059; x_wconf 72' lang='lat' dir='ltr'>accommoda,</span> <span class='ocrx_word' id='word_1_48' title='bbox 652 996 720 1088; x_wconf 82' lang='lat' dir='ltr'>per</span> <span class='ocrx_word' id='word_1_49' title='bbox 746 972 1065 1070; x_wconf 66' lang='lat' dir='ltr'>interrogationes,</span> 
     </span>
     <span class='ocr_line' id='line_1_10' title="bbox 124 1071 1066 1172; baseline 0.001 -26"><span class='ocrx_word' id='word_1_50' title='bbox 124 1090 208 1171; x_wconf 83' lang='lat' dir='ltr'>quae</span> <span class='ocrx_word' id='word_1_51' title='bbox 217 1074 460 1148; x_wconf 88' lang='lat' dir='ltr'>attentionem</span> <span class='ocrx_word' id='word_1_52' title='bbox 471 1083 621 1160; x_wconf 87' lang='lat' dir='ltr'>acuunt,</span> <span class='ocrx_word' id='word_1_53' title='bbox 630 1072 815 1172; x_wconf 86' lang='lat' dir='ltr'>drsposita,</span> <span class='ocrx_word' id='word_1_54' title='bbox 823 1071 1066 1172; x_wconf 87' lang='lat' dir='ltr'>Responsioni</span> 
     </span>
     <span class='ocr_line' id='line_1_11' title="bbox 123 1170 1064 1272; baseline -0.001 -25"><span class='ocrx_word' id='word_1_55' title='bbox 123 1171 334 1247; x_wconf 72' lang='lat' dir='ltr'>immediate</span> <span class='ocrx_word' id='word_1_56' title='bbox 362 1171 596 1272; x_wconf 86' lang='lat' dir='ltr'>adjungimus</span> <span class='ocrx_word' id='word_1_57' title='bbox 626 1175 804 1248; x_wconf 88' lang='lat' dir='ltr'>rationem</span> <span class='ocrx_word' id='word_1_58' title='bbox 834 1170 914 1270; x_wconf 90' lang='lat' dir='ltr'>ejus</span> <span class='ocrx_word' id='word_1_59' title='bbox 939 1171 1064 1247; x_wconf 85' lang='lat' dir='ltr'>firnda-</span> 
     </span>
     <span class='ocr_line' id='line_1_12' title="bbox 123 1270 1065 1372; baseline -0.002 -24"><span class='ocrx_word' id='word_1_60' title='bbox 123 1271 321 1348; x_wconf 82' lang='lat' dir='ltr'>mentalem</span> <span class='ocrx_word' id='word_1_61' title='bbox 338 1272 466 1348; x_wconf 89' lang='lat' dir='ltr'>desum</span> <span class='ocrx_word' id='word_1_62' title='bbox 493 1285 580 1359; x_wconf 89' lang='lat' dir='ltr'>tam,</span> <span class='ocrx_word' id='word_1_63' title='bbox 586 1270 697 1372; x_wconf 86' lang='lat' dir='ltr'>juxta</span> <span class='ocrx_word' id='word_1_64' title='bbox 708 1296 847 1347; x_wconf 91' lang='lat' dir='ltr'>morem</span> <span class='ocrx_word' id='word_1_65' title='bbox 860 1272 898 1346; x_wconf 87' lang='lat' dir='ltr'>S.</span> <span class='ocrx_word' id='word_1_66' title='bbox 913 1271 1065 1346; x_wconf 81' lang='lat' dir='ltr'>Thomae</span> 
     </span>
     <span class='ocr_line' id='line_1_13' title="bbox 23 1372 1064 1474; baseline -0.007 -23"><span class='ocrx_word' id='word_1_67' title='bbox 23 1377 47 1419; x_wconf 55' lang='lat'>“⁸</span> <span class='ocrx_word' id='word_1_68' title='bbox 125 1372 431 1450; x_wconf 77' lang='lat' dir='ltr'>scholasticorum</span> <span class='ocrx_word' id='word_1_69' title='bbox 508 1373 648 1474; x_wconf 74' lang='lat' dir='ltr'><strong>&#39;ncipis</strong></span> <span class='ocrx_word' id='word_1_70' title='bbox 679 1395 727 1446; x_wconf 83' lang='lat' dir='ltr'>ex</span> <span class='ocrx_word' id='word_1_71' title='bbox 742 1373 883 1446; x_wconf 87' lang='lat' dir='ltr'>ratione</span> <span class='ocrx_word' id='word_1_72' title='bbox 900 1373 1064 1458; x_wconf 72' lang='lat' dir='ltr'>munuli,</span> 
     </span>
     <span class='ocr_line' id='line_1_14' title="bbox 124 1471 1068 1573; baseline -0.007 -22"><span class='ocrx_word' id='word_1_73' title='bbox 124 1479 161 1551; x_wconf 76' lang='grc' dir='ltr'>δι</span> <span class='ocrx_word' id='word_1_74' title='bbox 174 1473 238 1548; x_wconf 93' lang='lat' dir='ltr'>ubi</span> <span class='ocrx_word' id='word_1_75' title='bbox 267 1474 419 1546; x_wconf 86' lang='lat' dir='ltr'>materia</span> <span class='ocrx_word' id='word_1_76' title='bbox 444 1472 571 1572; x_wconf 83' lang='lat' dir='ltr'><strong>exigit,</strong></span> <span class='ocrx_word' id='word_1_77' title='bbox 600 1471 996 1573; x_wconf 82' lang='lat' dir='ltr'>ex·ScripturaSac1a</span> <span class='ocrx_word' id='word_1_78' title='bbox 1011 1472 1068 1544; x_wconf 91' lang='lat' dir='ltr'>vel</span> 
     </span>
     <span class='ocr_line' id='line_1_15' title="bbox 124 1571 854 1649; baseline -0.005 -1"><span class='ocrx_word' id='word_1_79' title='bbox 124 1573 346 1649; x_wconf 81' lang='lat' dir='ltr'>authoritate</span> <span class='ocrx_word' id='word_1_80' title='bbox 371 1571 562 1647; x_wconf 81' lang='lat' dir='ltr'><strong>infallibili.</strong></span> <span class='ocrx_word' id='word_1_81' title='bbox 851 1594 854 1603; x_wconf 93' lang='lat'>·</span> 
     </span>
    </p>

    <p class='ocr_par' dir='ltr' id='par_1_3' title="bbox 125 1671 1071 1860">
     <span class='ocr_line' id='line_1_16' title="bbox 175 1671 1071 1772; baseline -0.006 -22"><span class='ocrx_word' id='word_1_82' title='bbox 175 1671 415 1750; x_wconf 85' lang='lat' dir='ltr'>Ob&#39;ectiones</span> <span class='ocrx_word' id='word_1_83' title='bbox 470 1698 588 1767; x_wconf 86' lang='lat' dir='ltr'>aucas,</span> <span class='ocrx_word' id='word_1_84' title='bbox 610 1696 693 1772; x_wconf 86' lang='lat' dir='ltr'>quae</span> <span class='ocrx_word' id='word_1_85' title='bbox 709 1673 825 1771; x_wconf 87' lang='lat' dir='ltr'>magis</span> <span class='ocrx_word' id='word_1_86' title='bbox 841 1672 890 1746; x_wconf 86' lang='lat' dir='ltr'>ad</span> <span class='ocrx_word' id='word_1_87' title='bbox 906 1673 1071 1747; x_wconf 87' lang='lat' dir='ltr'>veritatis</span> 
     </span>
     <span class='ocr_line' id='line_1_17' title="bbox 125 1772 930 1860; baseline -0.005 -10"><span class='ocrx_word' id='word_1_88' title='bbox 125 1772 223 1852; x_wconf 88' lang='lat' dir='ltr'>eluci</span> <span class='ocrx_word' id='word_1_89' title='bbox 270 1775 410 1848; x_wconf 92' lang='lat' dir='ltr'>tionem</span> <span class='ocrx_word' id='word_1_90' title='bbox 453 1775 650 1860; x_wconf 88' lang='lat' dir='ltr'>eserviunt,</span> <span class='ocrx_word' id='word_1_91' title='bbox 668 1773 930 1847; x_wconf 85' lang='lat' dir='ltr'>subnectimus.</span> 
     </span>
    </p>

    <p class='ocr_par' dir='ltr' id='par_1_4' title="bbox 50 1871 1074 3576">
     <span class='ocr_line' id='line_1_18' title="bbox 175 1871 1070 1974; baseline -0.001 -26"><span class='ocrx_word' id='word_1_92' title='bbox 175 1873 350 1974; x_wconf 89' lang='lat' dir='ltr'>Denique</span> <span class='ocrx_word' id='word_1_93' title='bbox 373 1884 473 1950; x_wconf 88' lang='lat' dir='ltr'>certa</span> <span class='ocrx_word' id='word_1_94' title='bbox 499 1871 544 1948; x_wconf 86' lang='lat' dir='ltr'>ab</span> <span class='ocrx_word' id='word_1_95' title='bbox 571 1873 720 1948; x_wconf 91' lang='lat' dir='ltr'>incertis</span> <span class='ocrx_word' id='word_1_96' title='bbox 744 1871 1009 1962; x_wconf 78' lang='lat' dir='ltr'>diseemimus3</span> <span class='ocrx_word' id='word_1_97' title='bbox 1036 1877 1070 1947; x_wconf 74' lang='grc' dir='ltr'>δι</span> 
     </span>
     <span class='ocr_line' id='line_1_19' title="bbox 126 1971 1069 2074; baseline -0.004 -25"><span class='ocrx_word' id='word_1_98' title='bbox 126 1973 217 2074; x_wconf 92' lang='lat' dir='ltr'>quid</span> <span class='ocrx_word' id='word_1_99' title='bbox 243 1997 291 2048; x_wconf 86' lang='lat' dir='ltr'>ex</span> <span class='ocrx_word' id='word_1_100' title='bbox 307 1997 366 2047; x_wconf 88' lang='lat' dir='ltr'>eo</span> <span class='ocrx_word' id='word_1_101' title='bbox 393 1973 499 2074; x_wconf 84' lang='lat' dir='ltr'>praxi</span> <span class='ocrx_word' id='word_1_102' title='bbox 526 1985 668 2047; x_wconf 92' lang='lat' dir='ltr'>certum</span> <span class='ocrx_word' id='word_1_103' title='bbox 697 1971 860 2059; x_wconf 90' lang='lat' dir='ltr'>resultet,</span> <span class='ocrx_word' id='word_1_104' title='bbox 887 1981 1069 2056; x_wconf 83' lang='lat' dir='ltr'>notamus,</span> 
     </span>
     <span class='ocr_line' id='line_1_20' title="bbox 125 2071 1068 2174; baseline -0.005 -26"><span class='ocrx_word' id='word_1_105' title='bbox 125 2073 227 2174; x_wconf 93' lang='lat' dir='ltr'>quod</span> <span class='ocrx_word' id='word_1_106' title='bbox 254 2072 514 2172; x_wconf 86' lang='lat' dir='ltr'>incipientibus</span> <span class='ocrx_word' id='word_1_107' title='bbox 544 2072 759 2170; x_wconf 85' lang='lat' dir='ltr'>Theologiae</span> <span class='ocrx_word' id='word_1_108' title='bbox 789 2071 969 2147; x_wconf 84' lang='lat' dir='ltr'><strong>Studiosis</strong></span> <span class='ocrx_word' id='word_1_109' title='bbox 994 2097 1068 2146; x_wconf 91' lang='lat' dir='ltr'>non</span> 
     </span>
     <span class='ocr_line' id='line_1_21' title="bbox 124 2171 1071 2272; baseline -0.004 -24"><span class='ocrx_word' id='word_1_110' title='bbox 124 2175 269 2249; x_wconf 79' lang='lat' dir='ltr'>tantum</span> <span class='ocrx_word' id='word_1_111' title='bbox 286 2174 376 2248; x_wconf 93' lang='lat' dir='ltr'>utile</span> <span class='ocrx_word' id='word_1_112' title='bbox 387 2171 608 2272; x_wconf 89' lang='lat' dir='ltr'>judicamus,</span> <span class='ocrx_word' id='word_1_113' title='bbox 630 2173 696 2247; x_wconf 93' lang='lat' dir='ltr'>sed</span> <span class='ocrx_word' id='word_1_114' title='bbox 716 2197 862 2272; x_wconf 92' lang='lat' dir='ltr'>prorsus</span> <span class='ocrx_word' id='word_1_115' title='bbox 879 2174 992 2246; x_wconf 88' lang='lat' dir='ltr'>etiam</span> <span class='ocrx_word' id='word_1_116' title='bbox 1009 2196 1071 2245; x_wconf 90' lang='lat' dir='ltr'>ne-</span> 
     </span>
     <span class='ocr_line' id='line_1_22' title="bbox 125 2297 615 2350; baseline -0.014 0"><span class='ocrx_word' id='word_1_117' title='bbox 125 2297 334 2350; x_wconf 79' lang='lat' dir='ltr'>cessarium.</span> <span class='ocrx_word' id='word_1_118' title='bbox 612 2307 615 2312; x_wconf 96' lang='lat'>·</span> 
     </span>
     <span class='ocr_line' id='line_1_23' title="bbox 134 2371 1071 2474; baseline -0.005 -24"><span class='ocrx_word' id='word_1_119' title='bbox 134 2371 137 2376; x_wconf 53' lang='lat'>‘</span> <span class='ocrx_word' id='word_1_120' title='bbox 177 2372 319 2450; x_wconf 86' lang='lat' dir='ltr'>Scholae</span> <span class='ocrx_word' id='word_1_121' title='bbox 336 2375 485 2474; x_wconf 93' lang='lat' dir='ltr'>quidem</span> <span class='ocrx_word' id='word_1_122' title='bbox 498 2386 632 2450; x_wconf 82' lang='lat' dir='ltr'>nostrae</span> <span class='ocrx_word' id='word_1_123' title='bbox 644 2372 872 2450; x_wconf 89' lang='lat' dir='ltr'>consuetudo</span> <span class='ocrx_word' id='word_1_124' title='bbox 890 2371 1014 2458; x_wconf 84' lang='lat' dir='ltr'>habet,</span> <span class='ocrx_word' id='word_1_125' title='bbox 1030 2383 1071 2446; x_wconf 89' lang='lat' dir='ltr'>ut</span> 
     </span>
     <span class='ocr_line' id='line_1_24' title="bbox 126 2472 1072 2550; baseline -0.006 0"><span class='ocrx_word' id='word_1_126' title='bbox 126 2476 151 2550; x_wconf 76' lang='grc' dir='ltr'>ὲ</span> <span class='ocrx_word' id='word_1_127' title='bbox 168 2473 434 2550; x_wconf 90' lang='lat' dir='ltr'>Professoribus</span> <span class='ocrx_word' id='word_1_128' title='bbox 452 2477 616 2550; x_wconf 87' lang='lat' dir='ltr'>tradatur</span> <span class='ocrx_word' id='word_1_129' title='bbox 633 2475 800 2549; x_wconf 88' lang='lat' dir='ltr'>doctrina</span> <span class='ocrx_word' id='word_1_130' title='bbox 816 2472 956 2548; x_wconf 87' lang='lat' dir='ltr'>calamo</span> <span class='ocrx_word' id='word_1_131' title='bbox 974 2475 1072 2546; x_wconf 89' lang='lat' dir='ltr'>exci-</span> 
     </span>
     <span class='ocr_line' id='line_1_25' title="bbox 125 2573 1072 2677; baseline -0.01 -25"><span class='ocrx_word' id='word_1_132' title='bbox 125 2575 271 2677; x_wconf 85' lang='lat' dir='ltr'>pienda,</span> <span class='ocrx_word' id='word_1_133' title='bbox 284 2573 379 2649; x_wconf 83' lang='lat' dir='ltr'>han&#39;c</span> <span class='ocrx_word' id='word_1_134' title='bbox 396 2575 561 2650; x_wconf 91' lang='lat' dir='ltr'>dictandi</span> <span class='ocrx_word' id='word_1_135' title='bbox 573 2575 632 2650; x_wconf 92' lang='lat' dir='ltr'>vel</span> <span class='ocrx_word' id='word_1_136' title='bbox 645 2574 826 2648; x_wconf 87' lang='lat' dir='ltr'>scribendi</span> <span class='ocrx_word' id='word_1_137' title='bbox 836 2575 978 2674; x_wconf 84' lang='lat' dir='ltr'>praxim</span> <span class='ocrx_word' id='word_1_138' title='bbox 996 2597 1072 2645; x_wconf 91' lang='lat' dir='ltr'>non</span> 
     </span>
     <span class='ocr_line' id='line_1_26' title="bbox 125 2673 1073 2775; baseline -0.004 -25"><span class='ocrx_word' id='word_1_139' title='bbox 125 2676 353 2775; x_wconf 84' lang='lat' dir='ltr'>abrogamus,</span> <span class='ocrx_word' id='word_1_140' title='bbox 373 2676 438 2750; x_wconf 91' lang='lat' dir='ltr'>sed</span> <span class='ocrx_word' id='word_1_141' title='bbox 453 2673 678 2774; x_wconf 86' lang='lat' dir='ltr'>adjuvamus.</span> <span class='ocrx_word' id='word_1_142' title='bbox 705 2675 855 2748; x_wconf 85' lang='lat' dir='ltr'>Dictata</span> <span class='ocrx_word' id='word_1_143' title='bbox 872 2673 971 2747; x_wconf 92' lang='lat' dir='ltr'>enim</span> <span class='ocrx_word' id='word_1_144' title='bbox 993 2673 1073 2746; x_wconf 87' lang='lat' dir='ltr'>haec</span> 
     </span>
     <span class='ocr_line' id='line_1_27' title="bbox 50 2771 1073 2877; baseline -0.007 -26"><span class='ocrx_word' id='word_1_145' title='bbox 50 2809 54 2820; x_wconf 93' lang='lat'>·</span> <span class='ocrx_word' id='word_1_146' title='bbox 119 2774 198 2875; x_wconf 85' lang='lat' dir='ltr'>jam</span> <span class='ocrx_word' id='word_1_147' title='bbox 227 2776 331 2877; x_wconf 87' lang='lat' dir='ltr'>prelo</span> <span class='ocrx_word' id='word_1_148' title='bbox 348 2799 493 2863; x_wconf 88' lang='lat' dir='ltr'>excusa,</span> <span class='ocrx_word' id='word_1_149' title='bbox 513 2776 650 2874; x_wconf 87' lang='lat' dir='ltr'>absque</span> <span class='ocrx_word' id='word_1_150' title='bbox 667 2774 790 2848; x_wconf 87' lang='lat' dir='ltr'>labore</span> <span class='ocrx_word' id='word_1_151' title='bbox 807 2773 991 2848; x_wconf 86' lang='lat' dir='ltr'>scribendi</span> <span class='ocrx_word' id='word_1_152' title='bbox 1004 2771 1073 2846; x_wconf 68' lang='lat' dir='ltr'>&#39;ob-</span> 
     </span>
     <span class='ocr_line' id='line_1_28' title="bbox 126 2875 1071 2972; baseline -0.006 -21"><span class='ocrx_word' id='word_1_153' title='bbox 126 2877 476 2952; x_wconf 79' lang='lat' dir='ltr'>tinentursecuriirs.</span> <span class='ocrx_word' id='word_1_154' title='bbox 505 2875 757 2950; x_wconf 88' lang='lat' dir='ltr'>Pretiosissimi</span> <span class='ocrx_word' id='word_1_155' title='bbox 771 2875 868 2948; x_wconf 90' lang='lat' dir='ltr'>enim</span> <span class='ocrx_word' id='word_1_156' title='bbox 881 2875 1071 2972; x_wconf 86' lang='lat' dir='ltr'>temporis,</span> 
     </span>
     <span class='ocr_line' id='line_1_29' title="bbox 126 2973 1074 3075; baseline -0.005 -25"><span class='ocrx_word' id='word_1_157' title='bbox 126 2975 227 3075; x_wconf 93' lang='lat' dir='ltr'>quod</span> <span class='ocrx_word' id='word_1_158' title='bbox 242 2978 280 3052; x_wconf 91' lang='lat' dir='ltr'><strong>in</strong></span> <span class='ocrx_word' id='word_1_159' title='bbox 311 2977 483 3051; x_wconf 84' lang='lat' dir='ltr'>dictando</span> <span class='ocrx_word' id='word_1_160' title='bbox 501 2982 536 3052; x_wconf 74' lang='grc' dir='ltr'>δι</span> <span class='ocrx_word' id='word_1_161' title='bbox 554 2973 746 3050; x_wconf 89' lang='lat' dir='ltr'>scribendo</span> <span class='ocrx_word' id='word_1_162' title='bbox 762 2974 967 3058; x_wconf 88' lang='lat' dir='ltr'>assumitur,</span> <span class='ocrx_word' id='word_1_163' title='bbox 988 2995 1074 3046; x_wconf 90' lang='lat' dir='ltr'>usu-</span> 
     </span>
     <span class='ocr_line' id='line_1_30' title="bbox 126 3073 1073 3170; baseline -0.006 -20"><span class='ocrx_word' id='word_1_164' title='bbox 126 3101 204 3151; x_wconf 82' lang='lat' dir='ltr'>ram</span> <span class='ocrx_word' id='word_1_165' title='bbox 220 3075 478 3164; x_wconf 83' lang='lat' dir='ltr'>lucrifacimus,</span> <span class='ocrx_word' id='word_1_166' title='bbox 503 3076 593 3150; x_wconf 93' lang='lat' dir='ltr'>dum</span> <span class='ocrx_word' id='word_1_167' title='bbox 611 3073 834 3150; x_wconf 82' lang='lat' dir='ltr'>Professores</span> <span class='ocrx_word' id='word_1_168' title='bbox 856 3075 895 3146; x_wconf 93' lang='lat' dir='ltr'><strong>in</strong></span> <span class='ocrx_word' id='word_1_169' title='bbox 913 3073 1073 3170; x_wconf 82' lang='lat' dir='ltr'>explica-</span> 
     </span>
     <span class='ocr_line' id='line_1_31' title="bbox 126 3173 1073 3276; baseline -0.006 -24"><span class='ocrx_word' id='word_1_170' title='bbox 126 3175 228 3252; x_wconf 87' lang='lat' dir='ltr'>tione</span> <span class='ocrx_word' id='word_1_171' title='bbox 253 3179 368 3275; x_wconf 86' lang='lat' dir='ltr'>magis</span> <span class='ocrx_word' id='word_1_172' title='bbox 404 3175 577 3276; x_wconf 89' lang='lat' dir='ltr'>progredi</span> <span class='ocrx_word' id='word_1_173' title='bbox 600 3186 766 3276; x_wconf 84' lang='lat' dir='ltr'>possunt,</span> <span class='ocrx_word' id='word_1_174' title='bbox 800 3186 844 3248; x_wconf 93' lang='lat' dir='ltr'>ut</span> <span class='ocrx_word' id='word_1_175' title='bbox 871 3174 923 3247; x_wconf 86' lang='lat' dir='ltr'>ita</span> <span class='ocrx_word' id='word_1_176' title='bbox 947 3173 993 3246; x_wconf 90' lang='lat' dir='ltr'>ab</span> <span class='ocrx_word' id='word_1_177' title='bbox 1011 3174 1073 3261; x_wconf 72' lang='lat' dir='ltr'>„eis</span> 
     </span>
     <span class='ocr_line' id='line_1_32' title="bbox 151 3270 1074 3375; baseline -0.009 -23"><span class='ocrx_word' id='word_1_178' title='bbox 151 3288 283 3353; x_wconf 86' lang='lat' dir='ltr'>uatuor</span> <span class='ocrx_word' id='word_1_179' title='bbox 299 3287 363 3350; x_wconf 87' lang='lat' dir='ltr'>aut</span> <span class='ocrx_word' id='word_1_180' title='bbox 387 3277 550 3375; x_wconf 91' lang='lat' dir='ltr'>quinque</span> <span class='ocrx_word' id='word_1_181' title='bbox 578 3299 757 3350; x_wconf 91' lang='lat' dir='ltr'>annorum</span> <span class='ocrx_word' id='word_1_182' title='bbox 781 3274 948 3367; x_wconf 83' lang='lat' dir='ltr'>decursu,</span> <span class='ocrx_word' id='word_1_183' title='bbox 962 3270 1074 3370; x_wconf 84' lang='lat' dir='ltr'>juxta</span> 
     </span>
     <span class='ocr_line' id='line_1_33' title="bbox 126 3301 1074 3472; baseline -0.013 -15"><span class='ocrx_word' id='word_1_184' title='bbox 126 3301 161 3457; x_wconf 71' lang='lat' dir='ltr'><strong>l</strong></span> <span class='ocrx_word' id='word_1_185' title='bbox 264 3381 300 3454; x_wconf 73' lang='lat' dir='ltr'>br</span> <span class='ocrx_word' id='word_1_186' title='bbox 318 3377 462 3451; x_wconf 88' lang='lat' dir='ltr'>Statuta</span> <span class='ocrx_word' id='word_1_187' title='bbox 492 3377 694 3462; x_wconf 85' lang='lat' dir='ltr'>Seminarii,</span> <span class='ocrx_word' id='word_1_188' title='bbox 713 3376 856 3472; x_wconf 86' lang='lat' dir='ltr'>integra</span> <span class='ocrx_word' id='word_1_189' title='bbox 869 3373 1074 3470; x_wconf 89' lang='lat' dir='ltr'>Theologia</span> 
     </span>
     <span class='ocr_line' id='line_1_34' title="bbox 126 3471 1073 3576; baseline -0.011 -23"><span class='ocrx_word' id='word_1_190' title='bbox 126 3489 182 3553; x_wconf 81' lang='lat' dir='ltr'>tra</span> <span class='ocrx_word' id='word_1_191' title='bbox 211 3477 218 3494; x_wconf 85' lang='lat'>&#39;</span> <span class='ocrx_word' id='word_1_192' title='bbox 250 3487 370 3576; x_wconf 80' lang='lat' dir='ltr'>queat</span> <span class='ocrx_word' id='word_1_193' title='bbox 427 3476 509 3551; x_wconf 87' lang='lat' dir='ltr'>Nec</span> <span class='ocrx_word' id='word_1_194' title='bbox 536 3474 761 3574; x_wconf 85' lang='lat' dir='ltr'>refragamur</span> <span class='ocrx_word' id='word_1_195' title='bbox 787 3477 819 3548; x_wconf 93' lang='lat' dir='ltr'><strong>si</strong></span> <span class='ocrx_word' id='word_1_196' title='bbox 849 3471 1073 3548; x_wconf 84' lang='lat' dir='ltr'>Professores</span> 
     </span>
    </p>

    <p class='ocr_par' dir='ltr' id='par_1_5' title="bbox 126 3575 1074 3774">
     <span class='ocr_line' id='line_1_35' title="bbox 193 3575 1072 3677; baseline -0.01 -24"><span class='ocrx_word' id='word_1_197' title='bbox 193 3577 263 3654; x_wconf 90' lang='lat' dir='ltr'>teri</span> <span class='ocrx_word' id='word_1_198' title='bbox 280 3577 478 3677; x_wconf 85' lang='lat' dir='ltr'>quidquam</span> <span class='ocrx_word' id='word_1_199' title='bbox 496 3578 534 3650; x_wconf 94' lang='lat' dir='ltr'><strong>in</strong></span> <span class='ocrx_word' id='word_1_200' title='bbox 552 3577 684 3650; x_wconf 86' lang='lat' dir='ltr'>nostris</span> <span class='ocrx_word' id='word_1_201' title='bbox 702 3575 862 3649; x_wconf 88' lang='lat' dir='ltr'>Dictatis</span> <span class='ocrx_word' id='word_1_202' title='bbox 879 3576 1072 3648; x_wconf 87' lang='lat' dir='ltr'>immutan-</span> 
     </span>
     <span class='ocr_line' id='line_1_36' title="bbox 126 3599 1074 3774; baseline -0.008 -21"><span class='ocrx_word' id='word_1_203' title='bbox 126 3599 216 3752; x_wconf 48' lang='lat' dir='ltr'>dbsm</span> <span class='ocrx_word' id='word_1_204' title='bbox 228 3689 294 3752; x_wconf 87' lang='lat' dir='ltr'>aut</span> <span class='ocrx_word' id='word_1_205' title='bbox 305 3675 563 3774; x_wconf 90' lang='lat' dir='ltr'>corrigendum</span> <span class='ocrx_word' id='word_1_206' title='bbox 576 3673 858 3774; x_wconf 83' lang='lat' dir='ltr'>reprehendant,</span> <span class='ocrx_word' id='word_1_207' title='bbox 874 3685 916 3747; x_wconf 91' lang='lat' dir='ltr'>ut</span> <span class='ocrx_word' id='word_1_208' title='bbox 928 3671 1074 3748; x_wconf 84' lang='lat' dir='ltr'>easdem</span> 
     </span>
    </p>
   </div>
   <div class='ocr_carea' id='block_1_3' title="bbox 0 0 1129 4084">
    <p class='ocr_par' dir='ltr' id='par_1_6' title="bbox 0 0 1129 4084">
     <span class='ocr_line' id='line_1_37' title="bbox 0 0 1129 4084; baseline 0 0"><span class='ocrx_word' id='word_1_209' title='bbox 0 0 1129 4084; x_wconf 95' lang='lat' dir='ltr'> </span> 
     </span>
    </p>
   </div>
  </div>
 </body>
</html>
