2254 4072
360 207 401 249 na
423 207 623 252 vrnrnmnua
909 190 968 247 387

8 347 151 409 iduciam
171 347 201 406 in
215 347 325 418 Deum,
341 352 367 407 dt
381 347 411 408 in
425 368 461 410 ea
475 343 654 410 confidentia
667 349 751 429 quasi
765 347 822 410 tuti
837 359 966 410 contem-

8 449 79 490 rere
95 433 124 487 dr
138 428 220 506 parvi
234 427 363 507 pendere
377 429 557 490 tentationes
571 435 596 488 ἃ
610 431 747 509 prosequi
760 429 884 508 agenda.

44 510 101 566 An
116 508 254 566 voluntas
268 518 367 586 potest
378 528 409 568 se
417 509 527 568 habere
536 509 673 588 negative
684 529 737 569 seu
748 508 919 588 permissive
931 505 969 566 ad

8 587 196 648 :eutationes
205 591 231 645 8ι
244 585 454 648 commotiones
467 607 609 649 venereas
623 588 696 646 nihil
709 587 823 666 agendo
835 590 849 648 i

44 667 124 725 XII.
145 667 183 724 R.
203 665 280 736 Non,
295 667 349 726 sed
372 667 463 726 debet
486 687 586 728 earum
609 667 825 746 displicentiam
848 667 967 733 habere,

8 747 92 826 {uod
107 765 227 825 semper
242 757 342 828 potest
351 767 369 828 ι,
380 745 508 826 alioquin
518 747 594 807 ratio
612 747 698 807 deest
706 767 759 807 suo
773 745 874 816 officio,
889 749 914 804 dt
928 743 970 804 sic

8 845 68 886 non
86 845 121 885 se
136 826 218 884 mere
232 825 382 903 negative,
398 825 451 885 sed
463 825 608 906 privative
621 837 748 905 gereret

45 904 240 966 Resistentia
252 904 410 983 corporalis
428 925 481 998 per
501 905 571 972 alias
594 905 741 986 potentias
764 915 817 966 aut
840 901 970 983 corporis

8 983 249 1062 compressiones
276 996 377 1062 posset
403 985 559 1064 aliquando
586 986 682 1046 omitti
710 987 747 1046 ob
773 985 844 1045 alias
874 988 970 1064 justas

8 1083 119 1124 causas
134 1064 181 1124 vel
192 1063 415 1141 occupationes,
429 1065 476 1124 vel
491 1063 560 1142 quia
573 1065 638 1145 quis
657 1076 798 1144 expertus
812 1076 868 1133 est,
892 1061 972 1142 qudrl

8 1143 50 1203 sic
68 1142 285 1204 commotiones
296 1143 395 1222 potitis
409 1155 579 1222 augeantur,
595 1144 683 1225 quiam
696 1144 901 1224 reprimantur.
922 1141 971 1200 De

8 1223 58 1282 his
70 1223 160 1302 plura
173 1222 204 1281 in
220 1223 258 1280 1³·
271 1230 297 1259 ὓ·
566 1291 569 1298 ¹

49 1304 106 1361 An
118 1301 193 1362 licet
205 1301 415 1362 commotiones
424 1321 567 1363 venereas
580 1301 745 1364 voluntarie
763 1302 921 1362 admittere
936 1320 971 1361 eo

8 1382 72 1442 fine
89 1393 125 1442 ut
160 1381 296 1460 ugnando
309 1393 476 1462 reportetur
489 1381 611 1443 victoria
624 1388 650 1442 dt
663 1383 810 1443 meritum.

51 1461 94 1520 R.
186 1479 274 1520 .nam
289 1479 325 1521 ea
350 1461 485 1522 doctrina
499 1462 636 1523 damnata
655 1474 703 1523 est
725 1462 767 1520 in¹
777 1459 909 1522 articulis
925 1461 973 1518 1⁷.

8 1545 34 1600 dr
49 1544 104 1600 24.
119 1481 268 1600 Medinos:
290 1540 359 1620 quia
372 1539 429 1600 illae
443 1561 577 1602 venereae
591 1541 801 1602 commotiones
815 1537 970 1602 continent

9 1621 41 1680 in
60 1641 96 1682 ae
110 1619 353 1680 inordinationem
374 1619 632 1699 concupiscentiae.

11 1779 54 1840 N.
106 1779 175 1838 800.
228 1777 287 1840 DE
341 1777 600 1919 VIRAPfffflJSS
653 1775 973 1839 TEMPERANTIAE

227 2005 762 2098 s.ta0m.a.a.q.155‚aa1ro.
833 1987 862 2110 2'

20 2179 47 2235 l.
87 2175 279 2236 Continentia.
319 2175 361 2235 11.
394 2173 597 2236 Monacetado.
637 2175 695 2234 111.
731 2175 809 2234 Vitia
834 2175 973 2252 opposito.

82 2256 135 2314 lV.
173 2255 305 2315 Clamant.
359 2255 396 2316 V.
437 2255 515 2316 Vitia
544 2257 683 2336 opposita.
733 2255 786 2314 VI.
820 2253 973 2326 Modestia.

79 2335 150 2394 VII.
169 2339 198 2394 4.
215 2334 330 2414 Species
342 2335 492 2394 moderare.

82 2493 178 2560 QUAE
192 2505 261 2554 sunt
274 2493 398 2554 virtutes
413 2511 536 2554 annexae
547 2491 769 2572 temperantiae?

64 2574 99 2632 R.
114 2573 171 2632 Hae
186 2585 325 2652 quatuor:
350 2573 540 2643 continentia,
554 2573 760 2644 mansuetudo,
775 2571 933 2632 clementia
947 2575 973 2628 tr

25 2653 173 2722 modestia,
189 2673 254 2732 quae
268 2653 357 2712 etiam
372 2655 435 2745 ejus
449 2664 548 2731 partes
559 2653 737 2732 potentiales
750 2662 900 2711 vocantur.

63 2733 86 2790 1.
101 2732 292 2791 Continentia
306 2744 353 2792 est
366 2743 459 2794 virtus
470 2731 628 2810 disponens
638 2732 820 2792 voluntatem
834 2731 873 2790 ad
886 2730 973 2790 resis·
1009 2731 1021 2794 ,”
1054 2767 1056 2780 ·

30 2812 145 2871 tendum
158 2823 262 2871 contra
275 2811 416 2890 impulsus
430 2832 527 2890 pravae
538 2811 794 2891 concupiscentiae,
809 2810 973 2888 praesertim

29 2891 252 2951 delectationum
262 2893 369 2959 taetris,
384 2895 410 2948 δι
423 2889 626 2972 principaliter
639 2909 842 2951 venereorum.

63 2969 128 3030 Vox
142 2970 322 3030 continentia
344 2969 516 3048 fi·equenter
530 2970 673 3050 accipitur
697 2969 829 3030 strictids
844 2989 897 3048 pro
915 2969 972 3026 vir-

32 3060 89 3108 tute
103 3049 255 3110 castitatis.
918 3047 921 3054 ’

66 3129 104 3186 11.
119 3129 197 3194 Quid
210 3141 256 3188 est
269 3129 488 3189 mansuetudo?

66 3207 101 3266 R.
109 3207 163 3266 Est
172 3208 265 3268 virtus
279 3207 435 3268 mediatrix
450 3208 499 3267 irae
509 3210 598 3288 juxta
611 3207 814 3287 praescriptnm
828 3207 958 3268 rationis.

67 3287 121 3346 111.
133 3287 355 3347 Mansuetudini
365 3287 526 3368 opponitur
539 3307 593 3368 per
601 3307 758 3348 excessum
773 3285 932 3357 iracundia,
946 3291 972 3344 dr

33 3387 78 3445 per
91 3367 237 3427 defectum
250 3367 396 3426 lentitudo
405 3387 458 3427 seu
471 3367 562 3427 nimia
575 3367 759 3446 indulgentia
773 3371 798 3424 dl
812 3365 972 3435 indiscreta

25 3445 181 3526 ,patient-ia:
204 3457 250 3509 est
272 3466 310 3506 ex
334 3465 444 3524 genere
463 3465 517 3508 suo
539 3458 697 3526 peccatum
711 3446 843 3516 mortale,
867 3456 970 3524 utpote

37 3545 85 3604 qua
97 3525 228 3586 foventur
241 3523 372 3586 crimina.

29 3659 34 3673 ,
68 3605 117 3663 IV.
129 3605 207 3670 Quid
219 3615 267 3664 est
277 3604 458 3666 clementia?

71 3683 105 3741 R.
119 3683 171 3744 Est
193 3683 374 3766 moderatrix
394 3703 547 3764 poenarum
571 3705 610 3747 ax
634 3684 724 3746 animi
748 3683 870 3744 lenitate
892 3682 969 3740 intra

27 3749 133 3848 {limites
145 3775 233 3826 rectae
243 3763 371 3826 rationis.
464 3844 483 3902 2

504 3860 526 3902 κ
