2244 4082
112 155 204 214 1260
514 171 555 213 na
576 171 723 214 arnonis.

145 324 230 382 nunt,
257 312 317 372 sint
339 313 423 380 tales,
450 313 502 391 qui
525 312 562 373 de
581 316 649 393 jure
669 310 809 391 prodesse
831 327 891 369 non
911 322 1033 388 possunt
1044 314 1085 371 vel

147 395 260 463 obesse,
274 391 356 452 licite
369 390 496 452 redimes
509 411 615 452 sexam
639 393 786 472 injustam,
810 389 899 450 etiam
912 399 982 452 ante
995 392 1086 469 acqui·

146 473 239 532 'situm
250 475 319 550 just
340 471 382 532 ita
394 471 500 530 latroni
520 482 553 531 te
575 471 606 530 in
626 471 676 531 via
698 469 849 538 retinenti,
862 467 911 528 vel
935 465 1043 530 volenti
1061 483 1087 531 te

150 551 300 620 infatuare,
311 551 393 610 licite
404 551 536 629 porriges
550 550 715 629 pecuniam,
729 560 764 610 ut
776 549 833 608 iter
848 548 1037 627 prosequaris
1054 551 1086 610 od

152 631 330 692 Collatnrem
345 628 503 700 Beneficii3
516 650 585 703 nam
597 629 722 690 remotio
743 628 811 688 talis
823 627 1027 705 impedimenti
1038 645 1088 689 non

150 721 235 790 parat
248 709 327 771 vam
338 709 377 768 ad
391 709 583 780 Beneficium,
597 729 654 770 nec
667 719 760 788 auget
769 707 900 768 favorem
910 707 991 786 apud
1005 707 1088 770 Colla·

150 801 238 858 tores,
253 791 305 848 dc.
346 787 415 848 Hoc
428 808 517 850 sensu
525 791 614 868 juxta
628 787 760 868 Sylvium
783 786 994 865 intelligendus
1010 800 1053 848 est
1064 789 1088 848 S.

152 869 258 928 Thom.
270 870 299 926 2.
312 869 341 926 2.
357 869 422 926 104.
436 887 462 928 a.
475 870 504 926 2.
518 871 603 948 cujus
613 867 775 928 authoritas
785 866 897 946 'opponi
911 877 1022 944 posset

191 946 229 1006 V.
252 947 283 1006 Si
296 957 396 1007 autem
410 945 460 1008 isti
473 946 694 1027 interponentes
708 966 813 1008 sexam
827 947 887 1008 sint
900 945 986 1015 tales,
1001 945 1089 1026 quide

146 1030 213 1106 jure
225 1026 365 1106 prodesse
377 1026 426 1086 vel
436 1027 542 1093 obesse
564 1038 695 1107 possunt,
720 1026 825 1106 quales·
844 1037 913 1086 sunt
927 1023 1089 1096 collatores,

155 1106 318 1174 Hectores,
329 1105 543 1166 Ooniinnantes
556 1118 608 1166 aut
617 1107 850 1174 Praesentantss3
861 1111 887 1164 δι
899 1105 1026 1166 eatenrls
1039 1105 1091 1166 sive

150 1187 206 1246 sub
219 1205 256 1246 ea
268 1185 382 1246 ratione
395 1197 513 1256 vexent,
537 1205 596 1245 non
617 1186 690 1246 licet
703 1184 757 1245 tini
770 1185 802 1243 in
824 1203 857 1244 re
869 1183 1037 1260 lieneiiciali
1054 1205 1090 1245 re

153 1263 266 1324 diruere
279 1281 385 1324 venam
407 1263 486 1326 circa
499 1267 552 1358 jus
575 1265 794 1346 acquirendum,
809 1265 878 1342 quia
891 1264 1021 1342 pecunie
1033 1283 1091 1323 cen·

149 1355 268 1404 seretur
289 1343 353 1404 dari
373 1356 408 1404 ut
429 1357 561 1422 prosmtr
582 1355 669 1424 putot
689 1355 789 1404 autem
814 1343 923 1402 Sueten
937 1341 977 1401 de
993 1341 1091 1403 Simo

147 1425 200 1480 to.
213 1438 242 1482 n.
256 1423 304 1483 28.
318 1425 394 1483 hunc
407 1424 641 1506 redemptionem
663 1443 747 1484 vexae
771 1439 836 1482 esse
850 1421 1028 1500 prohibitam
1041 1423 1092 1482 solo

148 1504 216 1580 jure
229 1502 364 1580 positivo,
377 1503 467 1582 idque
480 1503 511 1562 in
525 1503 750 1564 Beneficialibus
763 1507 789 1560 dr
809 1499 998 1580 susceptione
1017 1499 1093 1560 Ordi-

152 1599 243 1639 num:
259 1595 327 1658 'cap
340 1583 389 1639 23.
420 1590 438 1620 “
450 1581 621 1643 Mattheus’'
652 1583 690 1643 de
716 1582 786 1642 Sim.
801 1587 826 1640 δι
840 1601 879 1640 ex
892 1579 971 1659 stylo
986 1579 1093 1648 Curiae;

152 1679 221 1799 qaam
235 1660 337 1723 similis
346 1661 512 1741 redemptio
524 1661 868 1724 vexaeadmittiturcirca
879 1659 1093 1721 Sacramentum

219 1739 306 1798 tismi.

191 1760 243 1884 iil
259 1818 309 1879 Sic
321 1819 393 1879 licet
407 1821 503 1900 quoad
518 1821 707 1882 Sacramenta
720 1821 905 1881 necessitatis
916 1821 1095 1900 suscipienda

154 1897 299 1961 redimere
313 1917 428 1969 vexam,
443 1917 530 1978 quam
541 1899 604 1980 ipse
623 1900 764 1961 Minister
785 1900 902 1980 objicit;
922 1921 983 1960 non
1004 1913 1093 1961 tamen

92 2023 95 2030 .
152 1977 184 2036 id
196 1976 267 2036 licet
280 1997 333 2055 pro
348 1979 534 2056 susceptione
560 1979 680 2039 Ordinis
705 1979 884 2050 Sacrirnam
897 1981 954 2041 hoc
966 1981 1038 2060 lege
1051 2001 1094 2060 po·

155 2055 243 2114 sitivs
255 2053 411 2116 inhrlriturn
424 2068 480 2116 est.
546 2075 549 2084 ’

191 2134 260 2192 Vll.
280 2135 406 2214 lumper
425 2139 582 2196 observant
605 2139 715 2199 Suaren
739 2143 765 2196 S
790 2139 869 2218 Sylv.
892 2157 1001 2200 texam
1016 2159 1095 2217 posse

154 2213 259 2272 redimi
273 2215 407 2292 pecunia,
430 2215 456 2274 si
472 2215 521 2276 isti
534 2231 645 2276 vexent
658 2217 753 2278 solrlrn
764 2218 795 2276 in
808 2239 853 2288 eo,
869 2218 947 2298 quod
961 2228 1011 2278 est
1024 2219 1096 2276 inde-

152 2292 288 2370 pendens
303 2293 405 2371 ajars,
420 2294 450 2352 in
464 2313 532 2372 quo·
543 2297 683 2374 prodesse
704 2309 836 2376 possunt,
855 2298 947 2357 veluti
961 2298 987 2357 si
1003 2309 1034 2358 te
1048 2297 1096 2355 dii·

154 2371 276 2442 fament,
290 2373 419 2433 violente
433 2375 590 2446 retineant,
605 2380 657 2436 διο.
814 2437 823 2454 ,

172 2469 175 2478 ⁴
194 2451 278 2510 VIII.
298 2452 447 2513 Observat
468 2453 571 2514 itidem
596 2455 714 2514 Suarer.
736 2475 762 2515 c.
787 2458 835 2513 to.
857 2477 887 2514 n.
901 2461 949 2514 41.
974 2455 1013 2516 de
1034 2456 1095 2515 Sim.

156 2531 288 2610 quamvis
302 2550 360 2590 non
370 2531 460 2592 liceat
470 2533 540 2594 dare
554 2534 703 2613 pecunias,
718 2545 753 2594 ut
760 2534 818 2593 ista
831 2555 954 2612 persona
968 2536 1095 2614 eligatur,

154 2610 235 2690 quod
249 2622 348 2670 tamen
362 2611 393 2670 id
405 2612 502 2683 liceat,
522 2625 556 2672 ut
577 2633 635 2674 non
656 2614 783 2692 eligatur
797 2614 940 2692 quispiam
962 2615 1095 2693 indignus

154 2701 207 2748 aut
221 2690 309 2749 etiam
320 2691 418 2750 minsis
433 2692 548 2772 dignus,
563 2694 632 2785 quia
645 2693 725 2753 datio
734 2694 907 2753 terminatur
917 2695 992 2772 pure
1007 2695 1045 2754 ad
1057 2714 1096 2753 re·

153 2769 312 2828 motionem
327 2769 529 2847 impedimenti
544 2772 672 2850 eligendi
687 2771 898 2852 dignissimum.
965 2818 968 2832 .

109 2866 122 2875 ²
194 2849 244 2906 An
258 2848 291 2918 is,
303 2849 353 2927 qui
368 2849 494 2910 obtinuit
507 2851 772 2930 presentationem,
787 2863 886 2931 potest
899 2853 1046 2912 redimere
1059 2853 1096 2910 in-

151 2930 262 3004 justam
275 2947 381 2987 vexam
396 2929 475 3008 apud
489 2929 665 2990 Collatorem
679 2943 838 3010 negantem
852 2931 1061 3009 collationem?

193 3007 231 3066 R.
251 3007 396 3068 Daelman
417 3008 547 3081 affirmat,
570 3009 623 3070 red
647 3011 755 3071 Suarez
768 3021 859 3088 negat
875 3021 1016 3090 tanquam
1037 3030 1096 3089 pro

153 3085 280 3144 hibitum
289 3089 358 3165 jure
372 3087 506 3166 positivo.
862 3128 865 3136 ,

192 3165 247 3224 IX.
268 3167 318 3224 An
332 3179 456 3244 possunt
469 3167 617 3227 isimonia
627 3169 718 3228 eximi
732 3169 782 3239 illi,
793 3169 843 3248 qui
854 3169 993 3229 dicuntur
1002 3187 1094 3228 emere

155 3242 367 3305 Canonicatum
381 3248 418 3306 ab
433 3245 602 3316 Haereti‘cis,
623 3269 651 3305 v.
665 3267 695 3326 g.
708 3247 929 3327 Mosaetrajecti,
943 3260 1096 3326 antequam

154 3321 173 3382 S
186 3323 330 3463 lffontificp
343 3326 390 3386 vel
404 3327 440 3386 ab
451 3327 508 3386 ulio
521 3327 689 3406 receperint
702 3327 887 3389 collationem
910 3341 962 3388 aut
975 3347 1096 3407 praesen-

154 3414 296 3463 tationem
609 3425 612 3432 ·
983 3423 985 3428 ·

193 3481 230 3540 R.
253 3482 386 3542 Excusat
400 3503 449 3543 eos
464 3481 617 3555 Daelman,
637 3484 717 3564 qudtl
737 3485 778 3544 illi
803 3486 876 3555 vice,
889 3488 1008 3546 nomine
1022 3491 1048 3544 dr
1062 3505 1096 3545 ex

153 3579 298 3622 consensu
311 3563 441 3638 generali
454 3565 562 3641 praevio
576 3565 729 3626 Pontificis
741 3566 789 3624 rel
800 3566 951 3635 Ecclesia,
962 3565 1097 3644 pecunias

152 3639 304 3732 illas‘dent
317 3659 370 3717 per
383 3641 501 3700 modurn
516 3644 727 3722 redemptionis
741 3663 834 3714 vexae,
849 3664 908 3705 non
922 3645 1008 3704 titulo
1021 3664 1098 3722 emp

153 3731 250 3780 tronis.
643 3742 645 3750 ·
882 3757 885 3764 ⁴

188 3798 251 3859 Sed
263 3799 340 3860 bene
354 3797 525 3869 notandum,
542 3799 623 3876 quod
645 3801 710 3863 haec
738 3805 891 3866 excusatio
915 3823 973 3864 non
995 3803 1098 3864 liberet
