2236 4084
325 233 329 240 ,
391 185 569 232 cnuourcrs.
914 169 951 232 61

48 331 96 393 IV.
117 330 205 393 Unde
219 349 272 410 pro
285 329 369 410 praxi
382 333 511 400 observa,
526 341 560 390 ut
573 327 773 424 poenitentem,
795 329 845 408 qui
859 349 891 390 se
905 350 953 394 ac·

17 425 87 475 cusat
107 413 144 472 de
159 411 348 472 distractione
369 411 399 468 in
413 411 551 480 oratione,
574 419 752 488 interrogesz
778 412 876 470 utrium
895 411 955 472 dis«

17 489 397 554 tacdofueritvoluntaria?
412 491 511 550 utrum
521 490 551 548 in
559 489 682 548 materia
689 489 770 568 gravi
781 494 952 570 precepta?

16 593 90 652 quarn
104 590 223 630 causam
237 570 265 630 ei
279 569 416 644 dederit?
442 569 581 650 quamdiu
595 569 751 640 inhaeserit,
775 573 829 629 dre.
849 571 864 630 i
887 571 956 632 vide

18 653 113 712 Shcma
127 650 184 709 IX.
455 683 457 686 ·
677 679 679 693 =
906 651 910 660 '

47 731 79 789 V.
100 731 152 788 An
177 725 326 790 distractio
352 729 432 789 circa
454 727 606 788 materiam
631 747 750 807 gravm
777 741 954 808 praeoptem
1014 787 1018 800 ,

17 810 95 888 possit
108 827 176 868 esse
185 819 244 868 tam
258 807 430 886 imperfecte
441 808 611 876 voluntaria,
624 819 661 867 ut
670 827 754 868 orans
769 809 957 870 excusatura

16 889 117 949 mortali
131 891 172 950 ob
194 887 463 947 indeliberationem
476 889 558 947 mete
580 907 633 947 seu
646 887 867 966 surreptionem,
893 890 955 952 sive

16 979 122 1048 propter
145 968 301 1046 quamdam
312 966 563 1038 inadvertentiam,
587 967 716 1046 quamvis
729 967 805 1027 forte
821 987 879 1028 non
893 969 956 1032 exi·

17 1059 101 1106 matur
113 1049 154 1107 ob'
169 1047 246 1107 omni
259 1046 389 1107 veniali?

47 1127 81 1185 R.
102 1126 306 1186 Affirmativet
331 1125 399 1204 quia
420 1123 571 1186 distractio
594 1134 693 1205 potest
715 1145 780 1186 esse
802 1147 841 1186 ex
864 1128 958 1210 negli-

16 1207 103 1285 gentia
116 1206 180 1272 levi
198 1210 227 1272 &-
236 1205 435 1286 surreptiones
455 1205 577 1284 pronde
590 1206 676 1285 culpa
688 1206 760 1266 ieris
774 1207 839 1266 erit

20 1425 53 1486 u.
82 1427 132 1484 so.
168 1425 226 1486 ou
261 1425 373 1485 nans
407 1387 670 1486 ossucurnus
704 1426 751 1484 ni
785 1427 975 1500 suumn
1059 1443 1061 1448 ·

50 1503 438 1644 {ssfflillssgsslfflli
455 1504 959 1571 xcitriouronuunr,occurr-

17 1747 268 1828 uDeSymopa
307 1748 348 1808 11.
373 1749 436 1823 Qui
454 1749 517 1810 solo
536 1749 685 1809 num-ool
707 1750 958 1828 oculisperaarrit,

64 1829 289 1908 mosotitfocit.
329 1827 385 1887 111.
410 1831 557 1902 Quomodo
579 1833 702 1888 recitasse
723 1829 822 1889 dotat
836 1831 960 1908 misaam

65 1909 185 1967 audire,
223 1907 275 1966 IV.
295 1905 538 1967 Nima'oceleritos
559 1907 586 1984 ds
601 1909 762 1988 fioioofio.
793 1909 838 1968 ·V.
858 1907 961 1968 Anaia

66 1987 197 2054 araim
221 1997 262 2046 est
275 1989 448 2066 pernicioso,
489 1987 541 2046 Vl.
561 1988 979 2070 Remedioprosccupoloss'a'

65 2065 138 2125 v11.
165 2065 350 2146 Qraidsocim
366 2067 469 2127 Oratio
484 2067 693 2128 sacrosancte.

46 2231 69 2289 l.
89 2228 228 2292 INTER
250 2231 393 2302 defectus,
421 2230 471 2310 qui
495 2231 524 2304 in
545 2232 717 2292 recitatione
741 2231 836 2292 Officii
860 2231 961 2296 nivini

16 2311 243 2380 committuntur,
257 2323 426 2394 numeratur
440 2320 458 2348 “
470 2311 633 2391 syncopa,”
647 2312 707 2372 rive
718 2309 861 2386 mutilatio
875 2313 961 2391 sylla·

15 2391 107 2449 barrnn
117 2391 169 2450 vel
183 2393 355 2459 verborum
369 2403 466 2470 potest
476 2403 574 2450 autem
585 2391 754 2452 continuata
762 2393 961 2470 praeberema·

16 2469 110 2530 teriam
122 2471 245 2552 peccati
255 2471 393 2540 mortalis,
408 2471 638 2550 quodindicatur
651 2471 681 2528 in
692 2489 756 2548 cap.
770 2479 788 2508 “
800 2470 961 2532 Dolentes”

17 2549 46 2608 de
63 2549 199 2610 celebrat
221 2549 306 2610 Miss.
324 2550 374 2610 ubi
397 2553 451 2610 sub
464 2549 545 2629 gravi
569 2569 655 2628 poena
668 2549 863 2628 suspensionis
886 2550 961 2610 inhi·

16 2631 110 2690 betur:
135 2634 164 2687 ἅ
178 2629 208 2687 in
223 2629 314 2690 Cono-
332 2630 470 2710 Aquisgr.
484 2629 688 2709 praescribitur,
712 2649 750 2689 na
763 2629 898 2690 recitatio
909 2629 961 2692 fiat

17 2708 202 2787 deglutiendo
219 2709 267 2770 vel
281 2710 467 2788 syncopando
481 2709 647 2769 dictionem.

49 2789 221 2848 observant
235 2788 351 2858 interim
366 2789 475 2850 Bonae.
486 2809 515 2848 n.
528 2791 611 2847 id&
625 2788 749 2848 Billuart
762 2807 791 2868 p.
807 2789 872 2848 loa.
883 2789 961 2851 cirea

17 2867 146 2928 deiectus
163 2868 296 2946 exiguos,
310 2868 391 2947 qudd
412 2889 439 2928 v.
461 2890 491 2948 g.
511 2867 619 2938 littera,
645 2868 765 2947 syllaba,
779 2867 826 2928 vel
839 2871 960 2930 verbum

18 2948 150 3009 omissum
180 2959 233 3007 aut
258 2948 363 3010 vitiose
397 2947 624 3028 pronuntiatum,
656 2959 708 3007 aut
733 2967 792 3006 non
818 2947 959 3020 auditum,

17 3027 138 3086 maxime
154 3025 187 3084 in
201 3027 298 3097 choro,
313 3049 371 3088 non
399 3029 457 3089 sint
478 3028 647 3106 repetenda,
671 3047 709 3086 ne
729 3029 821 3105 major
834 3029 961 3089 turbatio

18 3105 105 3166 Officii
118 3106 186 3176 fiat,
201 3107 269 3186 quia
281 3108 354 3168 levis
381 3107 503 3168 materia
530 3127 568 3167 ex
589 3107 646 3166 levi
673 3125 762 3166 causa
775 3108 960 3184 praetermitti

18 3197 115 3262 potest,
132 3191 162 3244 δι
177 3187 245 3264 quia
257 3188 405 3248 moraliter
419 3199 513 3247 toturn
537 3185 673 3247 Officium
689 3185 852 3264 ¹impletur:
872 3186 914 3247 ita
927 3201 961 3248 ut

18 3266 52 3322 illi
64 3266 149 3326 leves
165 3265 308 3340 defectus,
323 3267 378 3327 nisi
393 3267 451 3327 sint
465 3266 623 3327 enonniter
636 3265 806 3336 continuati,
820 3285 878 3325 non
892 3285 962 3327 cen,

20 3357 131 3404 scantur
154 3345 340 3406 coalescere:
362 3347 430 3426 quia
443 3347 533 3407 etiam
560 3345 610 3405 illa
632 3344 754 3424 physica
775 3344 805 3403 in
827 3345 961 3407 omnibus

20 3423 132 3484 omnino
142 3423 299 3503 integritas
329 3425 551 3486 ronuntiationis
565 3435 617 3484 aut
625 3423 795 3484 attentionis
809 3424 885 3508 parit
893 3425 960 3486 fati-

21 3503 147 3579 gationes
164 3509 190 3562 ἃ
203 3525 290 3584 scrup
321 3527 362 3576 os,
385 3505 518 3585 adeoque
542 3525 600 3565 non
622 3515 760 3566 censetur
780 3503 875 3582 rigide
888 3525 962 3584 praee

21 3595 106 3662 cepta,
123 3585 183 3644 sed
196 3585 290 3644 solum
303 3585 419 3646 moralis
433 3585 601 3664 requiritur.

52 3663 90 3721 ΙΙ.
113 3663 179 3729 Qui
194 3664 255 3723 sold
280 3677 379 3725 mente
400 3665 447 3724 vel
474 3664 565 3725 oculis
587 3673 762 3744 percurrunt
785 3662 961 3723 breviarium

23 3740 75 3800 sine
87 3743 331 3822 pronuntiatione
343 3745 446 3815 vocali,
460 3765 518 3805 non
532 3744 714 3806 satisfaciunt
735 3753 881 3824 praecepto
904 3742 958 3804 Ec-

23 3821 118 3893 clesiae,
135 3823 209 3903 quia
222 3824 314 3885 oratio
327 3845 385 3885 non
399 3835 446 3886 est
458 3823 575 3886 vocalis.
678 3881 681 3894 Χ
