2256 4090
141 175 196 234 148
532 187 576 230 na
597 187 691 230 voro.

23 393 26 400 ,
140 334 219 394 tione
233 349 329 392 causae
342 329 446 390 finalis.
486 329 682 408 Applicahic,
698 347 762 408 qnae
786 327 866 389 dicta
879 337 948 388 surrt
961 328 1087 388 nmneris

52 490 57 505 '
139 413 341 559 84lllolldltla,
365 487 446 568 qudd
468 487 607 566 obligatio
627 487 695 547 voti.
710 469 807 548 cesset
829 487 858 545 in
881 485 997 548 casibus
1017 505 1089 566 prae·

142 572 230 632 dictis
244 571 339 630 solum
353 589 407 648 pro
424 580 567 660 tempore,
591 587 648 646 quo
667 565 885 646 impossibilitas
899 567 947 626 vel
966 567 1089 625 mutatio

143 650 275 711 materiae
298 659 475 728 perseverat,
499 663 567 726 qnia
579 657 681 706 votum
695 665 753 706 non
767 645 884 706 omnino
899 645 1090 726 extinguitur,

143 731 197 791 sed
220 729 360 807 obligatio
384 727 571 807 suspenditur
591 731 617 784 t
638 725 797 806 impeditur
815 727 852 785 ob
875 725 1005 786 materiae
1027 727 1091 784 sub·

143 809 326 872 tractionem.

183 889 324 950 Similiter
339 887 364 946 si
378 887 428 946 illa
443 885 567 946 mutatio
587 883 771 946 solummodo
791 895 878 944 udam
897 883 959 944 voti
979 895 1091 964 partem

143 969 258 1036 afficiat,
280 987 338 1026 non
358 985 474 1046 semper
494 966 622 1026 cessabit
643 965 782 1044 obligatio
801 964 863 1024 voti
882 964 960 1025 circa
980 975 1093 1044 partem

143 1050 274 1110 alteram.
314 1046 391 1105 Vide
404 1046 469 1106 harc
482 1047 630 1124 explicata
645 1065 673 1103 n.
687 1046 735 1104 85.

184 1129 240 1186 Ill.
262 1125 420 1188 Conclusio
440 1126 582 1204 procedit,
604 1124 735 1203 quamvis
755 1123 832 1184 forte
847 1141 900 1204 per
916 1123 1034 1202 culpam
1047 1121 1093 1181 illa

144 1207 274 1267 materia
288 1205 413 1264 mutatio
427 1205 591 1274 accidisset,
605 1223 664 1263 non
675 1203 758 1282 quasi
768 1203 855 1282 culpa
867 1201 1094 1269 liberetdvota

145 1287 200 1346 sed
227 1286 295 1364 quia
322 1285 425 1344 titulus
449 1284 619 1343 mutationis
640 1283 772 1343 materiae
795 1293 926 1342 excusat.
967 1279 1095 1340 vides

146 1367 255 1442 ¹Thom.
269 1365 299 1423 in
313 1369 341 1422 4.
355 1365 490 1441 dara-q.
505 1366 531 1421 l.
545 1375 599 1422 art
612 1365 641 1420 3.
656 1383 683 1441 q.
701 1365 727 1432 l,
741 1361 780 1422 ad
796 1363 820 1420 1.

187 1445 240 1508 1v.
262 1443 517 1504 Admutationem
531 1441 661 1502 materiae
674 1443 827 1502 reducitur
834 1439 959 1511 mutatio
973 1440 1097 1500 circum-

147 1525 320 1585 stantiarum
344 1521 531 1590 notabilium
551 1522 581 1580 in
604 1523 746 1600 quamdm
768 1541 875 1600 nempe
899 1520 1027 1580 intentio
1050 1539 1098 1578 vo·

147 1604 243 1665 ventis
265 1623 324 1663 non
347 1603 462 1662 videtur
484 1601 594 1661 similes
616 1621 701 1662 casus
725 1599 999 1680 comprelrendisse3
1022 1619 1049 1657 v.
1071 1619 1097 1677 g.

125 1747 126 1755 χ
148 1684 173 1744 si
196 1683 395 1763 peregrinatio
416 1681 468 1742 fiat
491 1693 559 1761 post
579 1693 680 1742 votum
699 1679 867 1741 notabiliter
890 1679 1036 1740 difficilior
1055 1679 1099 1737 vel

149 1763 347 1843 periculosior.

188 1843 400 1902 Verumtamen
414 1844 451 1901 ob
465 1841 704 1902 incertitudinem
718 1839 856 1901 convenit
874 1839 1001 1907 omnino,
1027 1839 1101 1898 utin

149 1922 316 2002 hujusmodi
330 1921 447 1982 casibus
460 1920 626 2000 requiratur
647 1919 811 2002 Superioris
832 1917 1048 1998 interpretatio,
1070 1923 1101 1985 d,

150 2003 181 2060 in
196 2003 338 2081 quantum
352 2020 435 2080 opus,
451 2000 639 2078 dispensatio.

190 2081 308 2160 Exigua
322 2081 456 2160 quadam
476 2080 599 2140 mutatio
615 2099 673 2139 non
688 2079 777 2139 debet
790 2077 845 2138 riri
860 2071 1025 2140 constantis
1040 2095 1102 2134 mu·

147 2172 212 2220 tare
226 2162 388 2229 decretum,
410 2161 543 2238 adeoque
553 2179 612 2218 non
624 2153 697 2218 fa⁴cit
711 2177 826 2219 cessare
840 2157 950 2226 ¹votnm,
966 2155 1102 2236 quamvis

149 2237 227 2300 forte
249 2253 350 2302 votum
371 2259 430 2298 non
453 2239 581 2308 fecisset,
607 2240 631 2298 si
655 2259 719 2298 eam
744 2237 936 2298 mutationem
956 2239 992 2296 ab
1019 2235 1102 2294 initio

151 2320 341 2398 praevidisset.
382 2319 510 2398 Respice
525 2319 605 2378 dicta
618 2339 697 2377 num.
710 2317 758 2376 80.
772 2317 883 2378 ior-dne.

94 2425 96 2430 ’
192 2401 242 2458 An
255 2410 355 2458 votum
369 2397 479 2476 obligat
489 2418 557 2458 cum
568 2399 698 2477 periculo
711 2397 865 2457 amittendi
880 2397 978 2464 vitam,
993 2395 1105 2454 famam

81 2527 84 2534 .
152 2481 292 2538 autbona
306 2478 501 2556 temporalia?
963 2507 966 2512 ·

193 2559 228 2616 V.
251 2557 287 2616 R.
309 2558 340 2618 Si
364 2558 528 2635 periculum
552 2557 590 2616 sit
612 2577 700 2638 grave
724 2576 782 2615 non
806 2556 969 2635 praevisum,
992 2555 1059 2613 sive
1078 2554 1106 2610 in

153 2637 221 2698 voto
235 2658 292 2698 non
307 2638 560 2715 comprehensum,
582 2636 729 2700 ordinarie
750 2636 877 2700 cessabit
890 2647 990 2696 votum
1006 2645 1106 2694 stante

154 2717 303 2796 periculo;
323 2721 349 2775 dr
362 2717 404 2775 ita
417 2727 517 2775 votum
528 2716 665 2776 audiendi
680 2715 804 2774 Missam
818 2715 931 2774 ratione
946 2713 1014 2774 talis
1030 2713 1108 2794 peri·

154 2797 214 2856 culi
228 2808 333 2865 cessat,
348 2817 401 2855 seu
415 2797 585 2874 potiusnon
601 2795 720 2874 obligat,
742 2795 810 2874 quia
830 2794 955 2854 intentio
969 2792 1109 2852 voventis

154 2876 315 2954 prudenter
329 2875 438 2934 similes
453 2889 538 2934 casus
551 2895 610 2934 non
622 2874 853 2954 comprehendit,
863 2873 949 2933 sicuti
963 2873 1015 2932 lex
1030 2871 1109 2952 posi-

154 2957 215 3014 tiva
239 2955 268 3013 in
290 2953 456 3034 huJusmodi
479 2955 593 3014 casibus
616 2953 760 3014 ordinarie
778 2973 836 3012 non
854 2953 1015 3046 obligaret:
1039 2952 1110 3010 hinc

155 3035 227 3094 dicit
250 3036 279 3093 S.
302 3035 406 3094 Thom.
428 3037 457 3091 2.
475 3037 503 3091 2.
528 3044 555 3114 q'.
576 3035 624 3092 88.
646 3053 671 3095 a.
691 3035 719 3090 2.
738 3033 775 3092 ad
789 3035 816 3090 8.
858 3040 876 3069 “
891 3034 923 3091 Si
945 3051 983 3090 ex
1008 3033 1111 3090 obser-

155 3115 272 3174 vatione
285 3115 346 3173 voti
360 3133 498 3192 magnum
512 3119 538 3171 dr
551 3114 739 3173 manifestum
752 3130 910 3190 gravamen
928 3111 1066 3179 sentiret,
1087 3115 1111 3167 ἃ

156 3215 213 3254 non
228 3205 307 3253 esset
320 3193 448 3253 facultus
461 3194 632 3253 recurrendi
646 3194 684 3252 ad
698 3192 894 3272 Superiorem,
909 3211 967 3250 non
982 3191 1112 3249 deberet

156 3274 243 3332 homo
258 3275 315 3333 tale
329 3285 430 3332 votum
450 3273 594 3332 ser‘vare.'’

190 3353 248 3420 Vl.
271 3353 414 3412 Econtrd
427 3366 527 3412 votum
552 3352 674 3412 curandi
698 3370 898 3433 quoscumque
913 3367 1063 3428 pauperes
1086 3349 1114 3405 io

62 3478 87 3495 2
148 3433 315 3510 ·l·lospitali‚
330 3433 440 3510 obligat
462 3431 616 3492 Medicum
638 3451 704 3491 cum
729 3423 859 3510 periculo
873 3430 948 3498 vitae,
965 3427 1037 3507 quia
1052 3428 1113 3487 tale

148 3512 320 3590 periculum
335 3513 490 3589 praevisnm
501 3512 744 3590 comprehensum
758 3509 815 3568 fuit
829 3510 859 3567 in
873 3521 949 3568 voto.

150 3627 154 3635 ·
199 3591 338 3650 Similiter
354 3592 563 3650 carthusianos
578 3591 689 3670 obligat
710 3602 811 3650 votum
829 3589 871 3670 (si
885 3589 943 3651 tale
955 3586 1118 3664 emittant)

160 3689 217 3728 non
232 3670 339 3728 edendi
353 3689 464 3738 carnes,
481 3671 666 3748 quantumvis
688 3673 814 3740 morbus,
837 3680 961 3728 mortem
980 3667 1118 3744 alioquin

158 3751 303 3817 illaturus,
321 3750 351 3806 id
365 3749 516 3826 exigerem
542 3769 610 3808 narn
619 3753 729 3809 bonum
739 3749 936 3810 observantiae·
946 3745 1120 3824 Religionis

158 3829 373 3888 nraeferendum
385 3829 512 3889 estvitae
527 3829 677 3908 corporali.
