2256 4090
424 108 467 150 na
488 107 582 170 voro.
921 93 977 152 139

73 247 349 342 Compraheudimus
361 248 421 309 voti
431 248 672 330 redemptionem,
686 269 750 328 quae
764 260 811 309 est
824 249 975 310 translatio

38 329 88 407 ob‘
124 327 212 388 tronis
224 329 286 388 voti
299 327 457 408 personalis
470 329 509 388 ad
523 327 678 424 quodpiam
691 329 779 402 reale.

72 409 85 468 1
101 449 108 466 .
129 407 234 468 Potest
246 407 311 468 hare
324 408 512 470 commutatio
525 407 589 468 lieri
603 407 764 488 tripliciter,
778 407 825 468 vel
838 407 869 466 in
882 411 976 488 majus

36 489 143 556 bonum,
158 487 205 546 vel
218 485 249 546 in
262 487 365 558 minus,
379 487 426 548 vel
439 486 469 546 in
483 487 604 566 aequale.

67 565 189 630 erando
202 578 302 628 autem
315 565 441 645 cuipiam
462 565 599 628 tribuitur
612 576 742 645 potestas
756 565 892 658 delegata
906 565 974 626 sim-

34 644 140 723 pliciter
154 644 193 704 ad
205 646 442 709 commutandum
454 657 531 714 vota,
555 657 642 725 prout
657 645 847 707 Confessarria
869 667 975 708 conce-

33 723 103 783 ditur
122 724 154 784 in
168 723 308 795 Jubilaeia,
331 745 366 784 ea
389 723 561 804 intelligitur
582 725 779 795 commutatio,
802 745 867 804 quae
888 725 923 785 fit
944 725 975 784 in

33 803 136 882 equale
151 804 309 874 moraliter,
333 805 381 864 vel
391 805 421 862 in
433 809 526 884 majus
538 806 656 875 bonum,
679 825 737 864 non
751 823 795 874 ea,
818 825 883 884 quse
896 805 930 864 fit
943 803 973 864 in

32 883 117 942 minus
126 883 247 954 bonum,
262 883 331 964 quia
343 883 504 963 proprietas
516 884 599 944 verbi
612 883 720 944 servari
729 884 834 968 debet:
849 897 973 964 possunt

33 961 141 1020 interim
155 973 225 1022 rota
237 963 400 1042 personalia
413 961 584 1024 commutari
598 963 628 1022 in
642 961 739 1033 realia,
760 959 974 1042 temporalia'in

32 1052 168 1119 perpetua
181 1046 207 1102 a
220 1043 238 1103 ὲ
251 1053 373 1112 contra;
393 1042 516 1122 expedit
528 1054 626 1102 tamen
640 1054 784 1122 perpetua
801 1042 974 1104 commutari

31 1121 54 1180 in
160 1131 220 1182 tua.

62 1139 181 1339 pqrp’em
194 1199 420 1262 commutatione
434 1199 495 1262 voti
508 1199 665 1280 requiritur
679 1199 879 1280 carnalique
892 1205 974 1286 justa

31 1297 107 1338 causa
970 1311 974 1319 =

29 1517 82 1576 tim
92 1515 128 1576 fit
143 1515 176 1578 iu
189 1517 294 1578 minus.

58 1596 112 1655 Pro
127 1597 359 1657 commutatione
368 1598 429 1656 voti
443 1595 472 1656 in
482 1595 594 1676 {equale
604 1597 702 1676 aliqua
711 1596 800 1658 etiam
809 1599 891 1676 justa
904 1618 973 1660 cau·

27 1693 59 1744 sa,
71 1674 149 1738 licet
162 1675 282 1736 minoris
295 1677 440 1755 ponderis,
454 1677 557 1738 adesse
572 1677 679 1746 debet;
701 1676 769 1754 quia
782 1678 972 1738 commutatio

26 1753 78 1813 ieri
92 1753 189 1814 debet
201 1775 259 1816 non
272 1756 385 1834 leyiter,
403 1755 458 1817 sed
471 1776 509 1828 ex
522 1755 684 1816 rationabili
698 1755 764 1826 fine,
779 1761 804 1814 dr
818 1776 871 1847 pro
885 1775 973 1820 causa

26 1833 153 1970 {plicare
165 1845 266 1914 potest
278 1839 369 1915 major
381 1835 513 1896 voventis
527 1833 649 1896 affectus
662 1839 687 1896 dr
700 1836 909 1916 promptitudo,
931 1837 974 1920 ait

107 1933 169 1974 ers.

56 1933 185 2058 giendo
203 1993 393 2054 commutatio
406 1993 441 2052 lit
453 1993 484 2054 iti
497 1996 590 2072 majus
602 1992 720 2062 bonum,
742 2013 801 2053 non
814 1994 974 2074 requiritur

24 2071 72 2132 alia
84 2091 180 2132 cauea
194 2073 370 2144 extrinseca,
394 2073 447 2134 sed
469 2072 532 2154 ipae
546 2093 686 2136 excessua
708 2073 847 2134 honitatis
860 2077 974 2154 prabet

25 2171 136 2212 causam
151 2151 347 2212 sufficientem
360 2152 568 2214 commutandi.

55 2231 97 2289 IV
97 2259 111 2289 .·
130 2233 185 2290 An
199 2231 263 2292 haec
278 2231 466 2292 commutatio
479 2232 548 2302 voti,
568 2253 633 2312 quae
646 2231 681 2292 fit
694 2229 723 2290 in
738 2251 810 2311 opus
821 2233 974 2295 evidenter

24 2310 129 2380 melius,
143 2309 211 2370 fieri
224 2321 324 2388 potest
336 2311 450 2390 privati
462 2311 594 2373 voventis
604 2310 806 2372 authoritate?

54 2389 88 2448 V.
100 2389 140 2450 R.
152 2389 355 2450 Verosimilior
365 2391 511 2451 sententia
518 2402 616 2470 negat,
631 2390 738 2464 &dicit
750 2391 859 2470 requiri
868 2393 973 2452 autho·

22 2467 134 2530 ritatem
144 2469 283 2530 habentis
296 2469 466 2532 facultatem
476 2469 674 2532 commutandi
687 2481 764 2530 vota.
803 2469 891 2530 Hanc
906 2491 973 2532 sen·

22 2548 139 2608 tentimn
153 2549 266 2612 docent
287 2549 433 2628 Wiggers,
455 2550 599 2612 Daelnran
613 2549 800 2610 conformiter
813 2543 844 2610 'S-
868 2547 973 2612 Thom.

21 2628 43 2682 i.
54 2629 81 2685 2.
96 2647 207 2688 sensus
222 2648 250 2706 q.
268 2629 316 2686 88.
329 2648 355 2688 a.
371 2631 418 2688 12.
431 2629 506 2690 ratio
519 2641 574 2700 eat,
598 2627 679 2708 quid
691 2629 856 2708 requiratur
868 2629 972 2690 authd-

21 2705 81 2766 ritas
94 2711 124 2766 dr
138 2727 302 2768 consensus
316 2707 375 2768 Dei
389 2728 442 2788 pro
455 2709 506 2770 tali
520 2707 754 2778 commutatione,
771 2708 840 2770 crim
854 2728 906 2787 per
920 2729 970 2769 vo·

23 2795 75 2846 tum
89 2805 141 2846 ras
156 2787 209 2846 illa
223 2789 249 2845 dr
261 2807 319 2848 non
333 2785 465 2848 aliaDeo
478 2788 619 2868 promissa
632 2787 679 2848 sit

51 2865 103 2924 vt.
120 2865 196 2945 obj.
208 2867 293 2926 Deus
304 2867 451 2930 consentit
463 2867 493 2930 in
507 2868 764 2930 commutationem
773 2887 809 2929 eo
823 2867 896 2948 ipso,
911 2888 970 2948 quo

22 2963 85 3021 opus
99 2957 152 3005 est
163 2945 280 3006 melius.
949 3015 952 3022 ,

50 3023 88 3082 Ν.
103 3024 198 3102 Nego
211 3045 268 3084 aas.
281 3044 349 3086 nam
359 3025 443 3087 Deus
453 3025 550 3088 Levit.
564 3018 612 3086 27.
625 3048 653 3086 r.
670 3027 715 3086 10.
729 3026 759 3086 id
772 3025 930 3105 prohibuit.

51 3103 140 3162 Idem
155 3103 338 3183 significatur
351 3125 386 3165 ce
407 3147 415 3164 .
432 3107 458 3163 1.
481 3105 628 3168 “devoto
642 3110 667 3167 dr
680 3107 741 3166 voti
754 3103 913 3186 redempt.”

52 3181 129 3243 Inde
144 3183 299 3253 conclude,
315 3184 373 3262 qud
403 3184 436 3254 ia,
452 3185 502 3264 qui
512 3185 592 3256 vovit
601 3185 824 3264 eleemosynam,
838 3204 896 3244 non
905 3205 970 3263 pos·

19 3261 49 3318 sit
60 3282 132 3398 pam
148 3262 268 3344 propria
281 3263 457 3325 authoritate
471 3277 585 3326 mutare
599 3265 629 3324 in
638 3265 750 3344 jejunia
763 3265 810 3324 vel
826 3264 970 3325 orationes

22 3359 59 3399 me
70 3361 164 3402 rores.
190 3397 192 3406 ,

50 3419 80 3480 Si
93 3433 204 3482 autem
218 3441 291 3502 opus
315 3423 444 3484 votivum
458 3421 623 3490 includatur
636 3421 666 3481 in
680 3419 769 3502 opere
782 3422 902 3493 meliori,
926 3441 971 3484 sa·

21 3499 82 3559 tisfit
95 3512 174 3561 voto
187 3500 323 3564 faciendo
344 3523 416 3583 opus
430 3503 503 3564 illud
515 3504 619 3564 melius
630 3527 642 3584 ς,
659 3503 701 3564 ita
713 3502 835 3564 audiens
847 3503 972 3564 Missam

19 3578 178 3640 solemnem
191 3580 295 3661 implet
315 3593 415 3644 votum
429 3581 566 3646 audiendi
580 3581 705 3648 Missam
718 3603 776 3643 non
789 3582 968 3652 solemnem

19 3657 81 3718 dana
107 3660 239 3735 calicem
266 3681 386 3726 aureum
410 3661 553 3738 teneicit
575 3675 643 3726 voto
671 3661 759 3726 dandi
782 3661 903 3726 calicem
925 3679 970 3722 ar·

19 3750 167 3813 genteum.
705 3772 710 3782 r

60 1358 113 1418 111.
128 1357 171 1417 R.
184 1359 243 1419 Pro
256 1359 483 1420 commutatione
495 1359 525 1417 in
535 1357 630 1418 minus
639 1357 721 1418 certd
730 1359 887 1438 requiritur
892 1323 986 1439 justa&

30 1455 115 1508 musa,
143 1437 214 1518 quia
227 1457 264 1498 aa
276 1439 408 1502 continet
417 1439 570 1520 partialem
586 1437 832 1518 dispensationem
842 1439 872 1498 in
883 1459 974 1520 quan·
1087 1453 1089 1458 ’

1089 3555 1095 3584 l
