2232 4092
160 141 163 152 ·
259 134 262 142 ¹
322 136 364 178 nr
384 133 596 209 ronausuro.
872 116 935 196 205

11 291 83 334 tomes
98 275 216 354 judicii:
233 295 301 338 nam
326 297 360 338 au
402 277 500 338 onitur
522 271 712 338 sufficieusiu
725 273 783 338 illio
797 275 937 354 attentio,

11 371 30 410 re
34 356 140 430 juretur
154 353 261 414 falerno
276 355 324 417 vei
338 355 482 418 iirc'itum.
586 389 591 398 ·
631 367 633 372 ’

29 431 103 491 vm.
118 434 185 514 obj,
207 437 304 496 Actus
318 448 365 497 est
377 435 474 516 potior
491 435 604 508 habitu,
629 454 700 514 ergo
714 431 938 498 siconsuctud'o

11 513 202 647 utluortaliter
215 515 299 588 mala,
322 517 412 578 etiam
429 515 536 598 sing'uli
557 527 642 600 actus
659 525 748 578 eruut
769 513 934 576 mortaliter

11 608 38 648 ua
47 609 64 648 1.
198 628 200 634 r
516 631 519 638 -

29 669 153 766 R.Nego
166 661 336 754 sequelam:
357 673 426 768 quia
449 673 652 755 unusquisque
673 685 759 736 actus
772 692 831 736 uon
844 672 936 734 habet

11 766 36 807 aa
48 752 226 813 conditiones
239 753 391 834 vilipeudri
406 759 433 814 e
445 753 579 848 periculi,
591 753 763 833 quashabet
776 764 935 814 cousuetu-

11 827 34 897 ιι
46 833 69 888 ιι
80 831 123 891 ita
126 843 222 970 doicntus
235 832 285 896 ille
298 855 358 894 uon
371 835 472 896 haunt
492 833 585 896 totam
598 833 740 896 malitiam
752 833 873 916 habitus
884 832 946 894 ieu

11 922 124 970 consuetu
179 911 213 984 is,

30 987 75 1047 IX.
95 989 186 1056 Quod
199 1004 299 1052 autem
325 991 509 1054 consuetudo
519 991 647 1072 jurandi
661 991 811 1054 contiueat
824 989 943 1072 specia-

11 1085 46 1125 εει
57 1070 206 1142 malitiam,
220 1071 333 1136 iudicat
347 1071 475 1152 Spiritus
491 1073 617 1134 Sanctus
633 1071 717 1135 Eccl.
726 1073 776 1132 23.
789 1073 859 1136 v..9.
873 1076 899 1130 δι
912 1091 942 1129 v.

11 1143 34 1204 i.
59 1155 76 1186 “
87 1149 237 1210 Juratioui
250 1171 308 1212 nou
322 1159 474 1214 assuescat
486 1171 519 1212 os
533 1164 618 1212 tuum
628 1176 638 1222 ;
650 1149 737 1214 multi
756 1151 836 1212 enim
854 1169 945 1212 casus

11 1225 94 1287 nilla”
115 1229 196 1290 Item
210 1249 275 1310 cap.
288 1233 336 1292 27.
348 1253 376 1292 v.
392 1234 438 1296 15.
452 1237 478 1292 ιι
494 1231 524 1292 S.
536 1231 690 1312 chrysost.
703 1231 793 1294 Horu.
809 1231 856 1291 14.
870 1242 944 1292 tom.

11 1307 23 1360 i·
33 1307 64 1366 ad
74 1309 218 1388 populum
233 1309 373 1374 Antioch.
387 1312 448 1372 ait:
464 1311 637 1374 “Continui
646 1313 759 1392 jurans,
782 1315 808 1370 ἃ
829 1309 943 1380 volens,

11 1385 143 1459 tinnitus,
158 1393 184 1447 e
198 1390 294 1450 sciens
304 1395 331 1450 u
343 1392 488 1462 nesciens,
503 1387 652 1460 orsorio&
657 1393 726 1470 joco
746 1390 869 1470 loquens
883 1410 944 1452 om·

11 1463 56 1524 tino
71 1469 246 1548 peJerabit”
288 1469 377 1531 Plura
399 1471 492 1549 legito
512 1471 592 1550 apud
615 1471 645 1530 S.
661 1471 813 1550 Chrysost.
840 1465 944 1530 Hom.

11 1545 39 1602 ii.
56 1549 92 1606 ad
104 1567 176 1626 pop.
191 1548 332 1610 Antioch-
725 1579 727 1584 ’
849 1591 853 1606 .
922 1587 925 1594 ‹

32 1626 75 1684 An
89 1628 367 1690 consuetudinarios
381 1632 484 1708 jurans
508 1649 547 1690 ex
571 1627 804 1698 consuetudine‚.
815 1627 868 1688 sed
882 1627 945 1706 sine

11 1703 185 1778 tivertentia,
208 1705 281 1768 facit
302 1720 459 1788 peccatum
481 1708 612 1779 formale,
641 1707 947 1788 quandoquidemain-

11 1783 174 1846 tivertentia
202 1800 326 1850 excusat
339 1788 357 1848 it
369 1800 497 1867 peccato
509 1783 649 1852 formali?

32 1863 64 1922 Χ.
84 1867 125 1924 R.
148 1865 232 1926 Facit
246 1879 402 1946 peccatum
421 1867 561 1928 fonnaler
586 1867 655 1946 quia
679 1865 768 1927 etiam
793 1866 842 1927 illa
865 1866 948 1927 inad-

11 1945 138 2006 rertentia
157 1957 204 2005 est
216 1947 381 2008 voluntaria
394 1948 425 2008 in
438 1949 503 2028 ipsa
516 1945 747 2008 cousuetudine:
759 1949 821 2028 jam
849 1957 948 2006 autem

11 2023 210 2084 nadvertentia
222 2025 386 2087 voluntaria
398 2047 457 2088 non
472 2039 604 2097 excusat,
620 2027 698 2088 sicut
711 2046 767 2088 nec
781 2025 947 2119 ignorantia

11 2103 163 2182 voluntaria,
173 2104 268 2165 multi
280 2105 377 2166 minuis
386 2105 767 2167 irradvertentiaaffectata:
781 2106 851 2168 hrnc
865 2125 950 2184 prac-

11 2177 51 2241 ice
64 2196 184 2243 certum
199 2197 254 2255 est,
270 2185 351 2264 quod
363 2183 502 2246 numerus
512 2185 694 2266 jurationum
703 2183 829 2266 exprimi
843 2185 952 2248 debeat.

11 2277 44 2336 po
55 2263 237 2342 integritate,
249 2265 452 2326 confessionis·

35 2343 168 2402 Ausum
188 2363 265 2404 nova
278 2349 303 2403 ιι
318 2343 461 2406 dictincta
474 2355 598 2424 peccata
609 2343 752 2414 formalia,
767 2364 804 2404 an
819 2343 890 2408 vero
904 2364 951 2403 so-

11 2417 53 2480 um
67 2433 142 2482 suut
155 2435 280 2502 peccata
293 2423 324 2482 in
338 2445 427 2486 causa
440 2445 494 2484 seu
508 2423 538 2486 iu
552 2423 767 2486 consuetudine
776 2423 951 2492 voluntaria,

11 2497 82 2560 ticuti
97 2511 170 2562 sunt
184 2513 308 2580 peccata
320 2504 400 2565 facta
414 2507 440 2563 u
453 2503 576 2584 praevisa
589 2501 608 2562 i
619 2503 753 2582 perfecte
768 2503 871 2563 ebrio?

35 2579 86 2640 XI.
109 2582 149 2642 R.
169 2581 316 2642 Videntur
327 2603 392 2648 esse
405 2604 481 2644 nova
490 2583 630 2645 distincta
643 2595 783 2662 peccata:
798 2581 954 2662 disparitas

11 2671 49 2728 ιιι,
63 2659 149 2739 quod
162 2669 290 2740 peccata
300 2662 373 2724 ebrii
387 2663 482 2722 solium
504 2661 564 2724 sint
586 2659 751 2722 voluntaria
772 2661 802 2722 in
827 2666 954 2724 causa&
1041 2711 1042 2718 ,

11 2739 151 2802 voluntate
165 2742 315 2820 praeterita
327 2743 390 2802 sine
403 2741 567 2804 voluntario
591 2739 745 2822 praesenti;
760 2739 815 2802 sed
833 2741 863 2806 iu
873 2743 955 2820 jura·

11 2815 127 2880 ionibus
137 2819 204 2890 illis,
220 2842 284 2899 quae
298 2821 373 2886 fiunt
387 2821 405 2882 ὲ
417 2821 527 2882 mentia
539 2833 675 2901 compote
689 2841 727 2884 ex
741 2821 956 2884 consuetudine
991 2831 996 2848 ¹

11 2898 163 2960 voluntarie
177 2901 357 2970 continuata,
381 2899 529 2962 invenitur
542 2899 737 2966 voluntarium
761 2920 889 2982 praesens
903 2899 956 2958 irn-

11 2975 133 3052 piicitum
148 2983 174 3038 tir
187 2979 311 3040 virtuale
325 2993 464 3061 respectu
477 2981 630 3060 praesentis
650 2977 809 3046 voluntatis
821 3005 829 3050 ;
842 2998 909 3038 nam
920 2999 957 3040 eo

11 3071 159 3128 nomento,
180 3079 240 3138 quo
265 3060 330 3139 quis
346 3064 435 3140 Jurat,
450 3061 541 3122 estin
556 3063 619 3140 ejus
638 3059 776 3126 libertate
796 3069 958 3124 retractare

11 3137 262 3210 consuetudinem
276 3160 347 3218 ergo
360 3141 497 3218 provenit
510 3139 600 3204 etiarn
612 3139 778 3218 apraesenti
791 3141 855 3217 ejus
869 3137 957 3199 liber·

11 3223 62 3276 itte
76 3217 251 3296 negligente
274 3220 523 3290 retractationem,
538 3215 627 3299 quod'
641 3219 699 3278 ista
707 3218 817 3296 juratio
838 3217 876 3277 sit
890 3237 959 3298 pec·

11 3307 120 3365 ratum;
133 3317 206 3376 ergo
215 3309 262 3358 est
271 3319 380 3360 novum
390 3299 565 3364 distinctum·
573 3310 728 3378 peccatum
736 3309 875 3378 respectu
888 3298 960 3359 libe-

11 3393 40 3432 re
57 3375 222 3439 voluntatis
249 3379 411 3455 prasentia.
452 3377 642 3448 Illudsadde,
675 3374 754 3456 quod
780 3389 865 3438 notat
892 3398 960 3442 cum

11 3451 94 3514 Scoto
110 3451 219 3516 Suarez
236 3459 262 3516 1.
271 3460 299 3516 3.
309 3477 336 3520 c.
350 3462 378 3516 7.
392 3479 421 3516 n.
438 3461 484 3518 10.
495 3459 516 3516 f.
529 3459 598 3518 431.
609 3455 691 3538 quod
701 3457 961 3528 consuetudinarii,

11 3535 137 3608 quamvis
151 3534 250 3595 subito
263 3537 642 3618 exconsuetudinajuren't,
657 3535 825 3602 simulantis
835 3535 961 3597 deliber·

11 3613 53 3671 rte
64 3615 177 3691 jurent,
192 3615 262 3694 quia
284 3617 403 3684 habitus
424 3617 498 3686 facit
519 3628 553 3678 ut
575 3617 666 3680 citios
686 3621 713 3678 δι
734 3615 832 3680 subito
851 3613 962 3678 delibe-

11 3705 86 3750 rent.
573 3735 574 3738 η

47 3771 116 3833 x11.
138 3775 219 3838 Nota
240 3776 298 3850 hic,
324 3775 405 3858 quod
428 3777 446 3836 ri
469 3777 588 3862 Summo
622 3775 766 3840 Pontifice
801 3771 963 3836 Benedioto
