2236 4084
413 191 591 248 cauomcls.

231 472 270 530 N.
290 475 339 530 47.
360 471 419 532 DE
439 470 778 542 DISTRACTIONE.¹

200 651 203 659 Δ
272 635 736 714 saumataasaata
799 697 805 702 ,

38 807 58 864 1.
76 802 283 879 Impediomnta
305 803 476 862 maritimam.
521 799 564 860 ΙΙ.
583 799 727 880 Definitio
751 801 877 860 maaca
925 802 980 863 ΙΙΙ.

89 883 219 944 Divisio.
259 880 311 962 Ill.
336 881 409 952 Qec
420 879 668 942 sitiovolantcric
677 881 832 940 distractio.
872 881 907 939 V.
927 882 979 940 In

88 959 198 1020 colant
220 962 371 1018 distractio
392 979 451 1020 noo
465 957 546 1018 tollit
565 963 704 1020 cotenon
725 979 800 1018 ocra
816 971 888 1019 orat.
928 960 980 1036 VI,

89 1041 219 1102 Sancum
231 1039 257 1112 li·
270 1039 388 1098 atrimae
400 1039 511 1100 colant
552 1038 621 1097 VII.
641 1041 802 1100 Danaeia
815 1037 980 1100 voluntario

88 1121 166 1178 tollit
177 1121 324 1178 essentiam
339 1121 487 1178 motionis.
527 1117 612 1177 vfll.
631 1119 801 1178 Benedictio
816 1118 862 1177 vel
872 1119 980 1182 Sumu-

89 1202 180 1258 menti
192 1200 404 1258 administratio
416 1217 482 1257 cam
498 1197 681 1258 distractione
701 1197 866 1257 oolaamrio
873 1200 980 1276 proba·
1000 1197 1012 1232 ⁸

89 1279 186 1338 taliter
199 1277 330 1338 invalida
341 1287 391 1336 est.

70 1459 93 1518 Ι.
113 1455 428 1515 lMPEDIMEN'l'A
442 1455 613 1516 attentionis
629 1457 776 1536 praecipua
790 1469 860 1516 sunt
880 1465 899 1494 “
910 1457 980 1518 Dis·

37 1538 133 1598 tractio
148 1535 268 1604 mentis,
283 1541 310 1594 u
323 1555 462 1594 sensuum
476 1535 514 1594 ad
528 1535 584 1595 alia
598 1533 771 1616 divagatio.'’

70 1617 148 1682 Quid
163 1627 212 1676 est
225 1613 401 1676 distractio?
579 1618 585 1626 '

70 1697 108 1754 ΙΙ.
130 1696 170 1754 R.
193 1695 250 1754 Est
263 1695 398 1772 evagatio
410 1694 518 1754 mentis
532 1695 569 1754 ab
577 1695 694 1774 objecto
702 1694 749 1755 vel
762 1694 821 1753 flne
834 1697 981 1756 orationis.

71 1776 125 1834 ΙΙΙ.
148 1773 303 1834 Dividitur
327 1773 479 1834 distractio
503 1774 533 1832 in
556 1774 748 1834 voluntariam
772 1779 797 1831 ts
820 1775 982 1836 involunta-

36 1857 102 1914 riam
113 1879 121 1923 ;
143 1855 218 1914 item
227 1853 257 1911 in
270 1853 462 1913 voluntariam
471 1853 584 1913 directe
593 1859 618 1911 δι
627 1853 818 1913 voluntariam
829 1853 982 1916 indirecte.

71 1937 144 2000 Quae
160 1932 315 1992 distractio
329 1931 437 1992 dicitur
450 1932 666 1993 involuntaria?

72 2013 124 2072 lV.
147 2013 188 2072 R.
212 2013 242 2072 S.
264 2011 369 2074 Thom.
390 2014 419 2070 2.
439 2013 467 2070 2.
490 2031 519 2108 q.
542 2013 591 2070 83,
615 2031 642 2072 a.
659 2013 705 2072 la.
718 2013 756 2072 ad
769 2014 800 2070 3.
812 2032 856 2082 ea,
872 2033 936 2092 quae
950 2013 983 2076 fit

38 2105 138 2172 prater
167 2089 350 2171 propositum
385 2091 523 2152 orationis
559 2092 620 2152 sive
656 2103 762 2170 praeter
791 2092 983 2154 intentionem

39 2173 132 2232 orandi
148 2171 180 2230 in
195 2171 339 2251 principio
361 2171 499 2230 orationis
521 2171 674 2230 formatam
698 2171 860 2232 virtualiter
878 2176 983 2252 perdu-

40 2265 157 2311 rantem.
271 2301 273 2310 .
630 2303 632 2310 .
677 2309 680 2317 ,

72 2331 107 2390 V.
128 2329 296 2390 Distractio
312 2329 375 2388 haec
398 2328 591 2390 involuntaria
614 2349 671 2390 non
695 2329 819 2410 impedit
842 2332 983 2412 adimple·

40 2413 142 2470 tionem
158 2409 300 2489 praecepti
316 2405 467 2478 Ecclesia,
483 2409 622 2488 quianon
636 2410 713 2472 tollit
727 2409 919 2471 intentionem
928 2434 984 2474 nec

39 2489 229 2550 attentionem
244 2488 406 2556 virtualem,
421 2487 474 2547 sed
487 2487 632 2550 actualem
646 2487 845 2558 solummodo;
866 2511 918 2568 pro
927 2513 984 2571 quo

38 2569 191 2629 adducitur
205 2567 277 2628 illud
291 2567 366 2628 Dav.
378 2567 430 2626 Ps.
442 2569 492 2625 39.
502 2587 530 2625 v.
546 2569 592 2625 13.
613 2569 702 2628 “Cor
716 2587 813 2628 meum
828 2567 985 2649 dereliquit

40 2648 106 2707 me.”
448 2705 454 2716 ,
748 2706 754 2710 .

73 2727 125 2786 Vl.
150 2725 220 2794 Qut
239 2725 308 2786 verti
336 2745 389 2805 per
416 2745 557 2794 somnum,
586 2727 673 2786 etiam
688 2725 920 2798 involuntarium,
948 2730 985 2794 ab

40 2807 165 2866 oratione
181 2802 308 2876 divertit,
329 2821 386 2864 non
408 2805 549 2866 satisfacit
561 2817 721 2944 praeceKto,
736 2807 803 2886 quia
816 2827 853 2866 ne
868 2809 985 2887 quidem

40 2885 168 2946 rationali
182 2885 269 2945 modo
282 2885 356 2963 agit:
377 2885 455 2946 idem
473 2885 630 2946 dicendum
671 2907 688 2946 e
709 2905 753 2958 eo,
774 2886 824 2966 qui
844 2907 897 2966 per
911 2889 985 2948 ebri-

42 2977 143 3025 etatem
159 2964 290 3044 privatur
304 2964 421 3025 rationis
435 2985 499 3026 usu.

74 3045 143 3104 v11.
167 3043 329 3104 Distraetio
343 3044 429 3122 plene
443 3045 604 3104 voluntaria
623 3045 681 3124 qui
694 3044 758 3124 quis
772 3045 804 3108 iu
814 3046 986 3108 recitatione

43 3125 187 3184 Horarum
209 3123 281 3184 Can.
303 3123 472 3186 distrahitur
490 3123 527 3184 ab
545 3124 707 3188 attentione
727 3125 765 3184 ad
781 3127 871 3184 verba
883 3127 930 3186 vel
948 3129 986 3188 ad

42 3203 133 3264 Deum
149 3202 248 3272 efficit,
261 3214 296 3261 ut
309 3215 487 3282 praeceptum
505 3201 780 3284 nonssadimpleatur,
801 3203 986 3284 inquantum

43 3283 116 3344 tollit
124 3281 320 3344 attentionem
340 3303 397 3344 non
416 3283 530 3342 tantum
550 3283 704 3352 actualem,
723 3283 776 3343 sed
792 3283 882 3344 'etiam
896 3285 985 3346 virtu·

42 3363 128 3431 alem;
149 3361 268 3441 quando
288 3359 364 3422 enim
385 3361 534 3422 distractio
555 3374 601 3422 est
618 3361 705 3442 plene
725 3361 894 3433 voluntaria,
914 3379 985 3426 tunc

43 3442 162 3503 intentio
174 3439 346 3503 attendendi
359 3461 417 3506 non
431 3441 625 3512 continuatur,
640 3441 693 3502 aed
707 3441 925 3522 derelinquitur,
939 3447 986 3504 vel

44 3519 260 3601 interpretativa
269 3532 440 3590 revocatur3
453 3521 587 3602 adedque
598 3521 664 3582 talis
673 3521 822 3582 distractio
832 3521 908 3581 tollit
917 3523 986 3584 rati-

44 3621 121 3660 onem
136 3605 165 3660 tlt
178 3599 334 3660 essentiam
347 3621 424 3660 veras
438 3599 583 3661 orationis.
769 3657 773 3663 ,

77 3681 275 3745 Quamobrem
294 3681 380 3740 caute
398 3679 517 3759 legendi
534 3691 602 3742 sunt
617 3678 758 3748 Casuistae
772 3679 853 3744 citati
866 3679 985 3742 refutati

45 3759 207 3840 iFagnano
220 3760 250 3819 in
267 3757 317 3819 lib.
337 3763 366 3818 3.
380 3779 443 3838 cap.
464 3769 482 3796 “
492 3759 652 3822 Dolentes”
669 3761 706 3822 de
721 3759 976 3822 comissam

45 3841 86 3916 qui
100 3841 219 3913 docent,
234 3839 313 3919 quod
326 3840 452 3902 recitans
466 3839 602 3902 Officium
616 3839 756 3902 Divinum
774 3858 841 3901 cum
854 3839 951 3898 volunt
