<?xml version="1.0" encoding="UTF-8"?>
<!DOCTYPE html PUBLIC "-//W3C//DTD XHTML 1.0 Transitional//EN"
    "http://www.w3.org/TR/xhtml1/DTD/xhtml1-transitional.dtd">
<html xmlns="http://www.w3.org/1999/xhtml" xml:lang="en" lang="en">
 <head>
  <title>
</title>
<meta http-equiv="Content-Type" content="text/html;charset=utf-8" />
  <meta name='ocr-system' content='tesseract 3.04.00' />
  <meta name='ocr-capabilities' content='ocr_page ocr_carea ocr_par ocr_line ocrx_word'/>
</head>
<body>
  <div class='ocr_page' id='page_1' title='image "./theologiamorali04densgoog_0066.png"; bbox 0 0 2236 4084; ppageno 0'>
   <div class='ocr_carea' id='block_1_1' title="bbox 407 163 977 234">
    <p class='ocr_par' dir='ltr' id='par_1_1' title="bbox 407 163 977 234">
     <span class='ocr_line' id='line_1_1' title="bbox 407 163 977 234; baseline -0.011 -8"><span class='ocrx_word' id='word_1_1' title='bbox 407 181 587 226; x_wconf 68' lang='lat' dir='ltr'><strong>ceromate.</strong></span> <span class='ocrx_word' id='word_1_2' title='bbox 937 163 977 234; x_wconf 74' lang='lat'><strong>55</strong></span> 
     </span>
    </p>
   </div>
   <div class='ocr_carea' id='block_1_2' title="bbox 38 321 1066 1420">
    <p class='ocr_par' dir='ltr' id='par_1_2' title="bbox 40 321 977 640">
     <span class='ocr_line' id='line_1_2' title="bbox 42 321 977 408; baseline -0.011 -18"><span class='ocrx_word' id='word_1_3' title='bbox 42 331 80 392; x_wconf 78' lang='lat' dir='ltr'><strong>rel</strong></span> <span class='ocrx_word' id='word_1_4' title='bbox 99 325 347 408; x_wconf 82' lang='lat' dir='ltr'><strong>intermptionem,</strong></span> <span class='ocrx_word' id='word_1_5' title='bbox 374 324 579 394; x_wconf 80' lang='lat' dir='ltr'><strong>cessationem,</strong></span> <span class='ocrx_word' id='word_1_6' title='bbox 615 321 738 384; x_wconf 71' lang='lat' dir='ltr'><strong>aliems</strong></span> <span class='ocrx_word' id='word_1_7' title='bbox 765 339 884 382; x_wconf 86' lang='lat' dir='ltr'><strong>causam</strong></span> <span class='ocrx_word' id='word_1_8' title='bbox 918 341 977 382; x_wconf 88' lang='lat' dir='ltr'><strong>non</strong></span> 
     </span>
     <span class='ocr_line' id='line_1_3' title="bbox 40 401 977 482; baseline -0.014 -12"><span class='ocrx_word' id='word_1_9' title='bbox 40 409 144 470; x_wconf 82' lang='lat' dir='ltr'><strong>desinit.</strong></span> <span class='ocrx_word' id='word_1_10' title='bbox 183 407 219 465; x_wconf 92' lang='lat' dir='ltr'><strong>In</strong></span> <span class='ocrx_word' id='word_1_11' title='bbox 241 406 317 465; x_wconf 88' lang='lat' dir='ltr'><strong>hanc</strong></span> <span class='ocrx_word' id='word_1_12' title='bbox 339 424 402 464; x_wconf 89' lang='lat' dir='ltr'><strong>rem</strong></span> <span class='ocrx_word' id='word_1_13' title='bbox 416 403 489 464; x_wconf 89' lang='lat' dir='ltr'><strong>dicit</strong></span> <span class='ocrx_word' id='word_1_14' title='bbox 504 403 534 463; x_wconf 89' lang='lat' dir='ltr'><strong>S.</strong></span> <span class='ocrx_word' id='word_1_15' title='bbox 550 401 606 464; x_wconf 89' lang='lat' dir='ltr'><strong>Th.</strong></span> <span class='ocrx_word' id='word_1_16' title='bbox 624 405 653 460; x_wconf 94' lang='grc'><strong>2.</strong></span> <span class='ocrx_word' id='word_1_17' title='bbox 666 403 696 460; x_wconf 98' lang='grc'><strong>2.</strong></span> <span class='ocrx_word' id='word_1_18' title='bbox 711 422 739 482; x_wconf 89' lang='lat' dir='ltr'><strong>q.</strong></span> <span class='ocrx_word' id='word_1_19' title='bbox 753 404 801 460; x_wconf 89' lang='grc'><strong>83.</strong></span> <span class='ocrx_word' id='word_1_20' title='bbox 815 414 869 463; x_wconf 87' lang='lat' dir='ltr'><strong>art.</strong></span> <span class='ocrx_word' id='word_1_21' title='bbox 886 402 931 458; x_wconf 82' lang='lat'><strong>13.</strong></span> <span class='ocrx_word' id='word_1_22' title='bbox 946 401 977 458; x_wconf 91' lang='lat' dir='ltr'><strong>in</strong></span> 
     </span>
     <span class='ocr_line' id='line_1_4' title="bbox 42 481 977 563; baseline -0.012 -14"><span class='ocrx_word' id='word_1_23' title='bbox 42 513 62 549; x_wconf 90' lang='lat' dir='ltr'><strong>c.</strong></span> <span class='ocrx_word' id='word_1_24' title='bbox 79 498 94 525; x_wconf 90' lang='lat'><strong>“</strong></span> <span class='ocrx_word' id='word_1_25' title='bbox 103 485 207 546; x_wconf 88' lang='lat' dir='ltr'><strong>sufficit</strong></span> <span class='ocrx_word' id='word_1_26' title='bbox 219 485 263 544; x_wconf 88' lang='lat' dir='ltr'><strong>vis</strong></span> <span class='ocrx_word' id='word_1_27' title='bbox 275 483 377 563; x_wconf 81' lang='lat' dir='ltr'><strong>primae</strong></span> <span class='ocrx_word' id='word_1_28' title='bbox 391 482 580 551; x_wconf 89' lang='lat' dir='ltr'><strong>intentionis;</strong></span> <span class='ocrx_word' id='word_1_29' title='bbox 600 481 625 542; x_wconf 86' lang='lat' dir='ltr'><strong>si</strong></span> <span class='ocrx_word' id='word_1_30' title='bbox 634 494 734 542; x_wconf 88' lang='lat' dir='ltr'><strong>autem</strong></span> <span class='ocrx_word' id='word_1_31' title='bbox 743 481 837 561; x_wconf 90' lang='lat' dir='ltr'><strong>prima</strong></span> <span class='ocrx_word' id='word_1_32' title='bbox 850 481 977 541; x_wconf 90' lang='lat' dir='ltr'><strong>intentio</strong></span> 
     </span>
     <span class='ocr_line' id='line_1_5' title="bbox 42 559 846 640; baseline -0.007 -12"><span class='ocrx_word' id='word_1_33' title='bbox 42 567 113 638; x_wconf 83' lang='lat' dir='ltr'><strong>desit,</strong></span> <span class='ocrx_word' id='word_1_34' title='bbox 140 565 233 628; x_wconf 85' lang='lat' dir='ltr'><strong>oratio</strong></span> <span class='ocrx_word' id='word_1_35' title='bbox 246 584 302 624; x_wconf 87' lang='lat' dir='ltr'><strong>nee</strong></span> <span class='ocrx_word' id='word_1_36' title='bbox 315 562 465 622; x_wconf 84' lang='lat' dir='ltr'><strong>meritoria</strong></span> <span class='ocrx_word' id='word_1_37' title='bbox 478 574 533 632; x_wconf 82' lang='lat' dir='ltr'><strong>est,</strong></span> <span class='ocrx_word' id='word_1_38' title='bbox 549 581 606 622; x_wconf 91' lang='lat' dir='ltr'><strong>nec</strong></span> <span class='ocrx_word' id='word_1_39' title='bbox 620 559 846 640; x_wconf 84' lang='lat' dir='ltr'><strong>impetratoria.”</strong></span> 
     </span>
    </p>

    <p class='ocr_par' dir='ltr' id='par_1_3' title="bbox 38 641 1066 944">
     <span class='ocr_line' id='line_1_6' title="bbox 71 641 975 722; baseline -0.004 -18"><span class='ocrx_word' id='word_1_40' title='bbox 71 647 118 704; x_wconf 90' lang='lat' dir='ltr'><strong>Vl.</strong></span> <span class='ocrx_word' id='word_1_41' title='bbox 137 641 323 722; x_wconf 79' lang='lat' dir='ltr'><strong>Insuperilla</strong></span> <span class='ocrx_word' id='word_1_42' title='bbox 344 641 471 702; x_wconf 88' lang='lat' dir='ltr'><strong>attentio</strong></span> <span class='ocrx_word' id='word_1_43' title='bbox 494 661 559 702; x_wconf 83' lang='lat' dir='ltr'><strong>esse</strong></span> <span class='ocrx_word' id='word_1_44' title='bbox 582 641 672 702; x_wconf 90' lang='lat' dir='ltr'><strong>debet</strong></span> <span class='ocrx_word' id='word_1_45' title='bbox 685 641 776 700; x_wconf 88' lang='lat' dir='ltr'><strong>etiam</strong></span> <span class='ocrx_word' id='word_1_46' title='bbox 790 641 914 709; x_wconf 84' lang='lat' dir='ltr'><strong>interna,</strong></span> <span class='ocrx_word' id='word_1_47' title='bbox 930 659 975 700; x_wconf 90' lang='lat' dir='ltr'><strong>se·</strong></span> 
     </span>
     <span class='ocr_line' id='line_1_7' title="bbox 38 719 1066 799; baseline -0.013 -11"><span class='ocrx_word' id='word_1_48' title='bbox 38 725 153 788; x_wconf 78' lang='lat' dir='ltr'><strong>eundum</strong></span> <span class='ocrx_word' id='word_1_49' title='bbox 175 723 248 782; x_wconf 93' lang='lat' dir='ltr'><strong>illud</strong></span> <span class='ocrx_word' id='word_1_50' title='bbox 286 723 313 780; x_wconf 91' lang='lat'><strong>1.</strong></span> <span class='ocrx_word' id='word_1_51' title='bbox 334 722 373 782; x_wconf 88' lang='lat' dir='ltr'><strong>ad</strong></span> <span class='ocrx_word' id='word_1_52' title='bbox 397 719 465 782; x_wconf 89' lang='lat' dir='ltr'><strong>Cor.</strong></span> <span class='ocrx_word' id='word_1_53' title='bbox 490 723 535 780; x_wconf 81' lang='lat'><strong>14.</strong></span> <span class='ocrx_word' id='word_1_54' title='bbox 557 719 685 782; x_wconf 84' lang='lat' dir='ltr'><strong>“Oraba</strong></span> <span class='ocrx_word' id='word_1_55' title='bbox 707 719 820 799; x_wconf 89' lang='lat' dir='ltr'><strong>spiritu,</strong></span> <span class='ocrx_word' id='word_1_56' title='bbox 848 721 936 780; x_wconf 86' lang='lat' dir='ltr'><strong>orabo</strong></span> <span class='ocrx_word' id='word_1_57' title='bbox 950 723 976 776; x_wconf 76' lang='lat' dir='ltr'><strong>tr</strong></span> <span class='ocrx_word' id='word_1_58' title='bbox 1063 785 1066 790; x_wconf 27' lang='grc' dir='ltr'>Ι</span> 
     </span>
     <span class='ocr_line' id='line_1_8' title="bbox 40 797 975 882; baseline -0.006 -18"><span class='ocrx_word' id='word_1_59' title='bbox 40 802 159 865; x_wconf 84' lang='lat' dir='ltr'><strong>nente:”</strong></span> <span class='ocrx_word' id='word_1_60' title='bbox 194 803 304 882; x_wconf 80' lang='lat' dir='ltr'><strong>Pmbat</strong></span> <span class='ocrx_word' id='word_1_61' title='bbox 337 801 428 880; x_wconf 86' lang='lat' dir='ltr'><strong>Fagn.</strong></span> <span class='ocrx_word' id='word_1_62' title='bbox 463 799 514 860; x_wconf 92' lang='lat' dir='ltr'><strong>lib.</strong></span> <span class='ocrx_word' id='word_1_63' title='bbox 549 802 578 858; x_wconf 85' lang='lat'><strong>3.</strong></span> <span class='ocrx_word' id='word_1_64' title='bbox 613 819 676 878; x_wconf 87' lang='lat' dir='ltr'><strong>cap.</strong></span> <span class='ocrx_word' id='word_1_65' title='bbox 712 797 902 860; x_wconf 72' lang='lat' dir='ltr'><strong>“Dolenter”</strong></span> <span class='ocrx_word' id='word_1_66' title='bbox 938 800 975 872; x_wconf 82' lang='lat' dir='ltr'><strong>de</strong></span> 
     </span>
     <span class='ocr_line' id='line_1_9' title="bbox 41 881 965 944; baseline -0.004 0"><span class='ocrx_word' id='word_1_67' title='bbox 41 885 128 944; x_wconf 85' lang='lat' dir='ltr'><strong>Celeb.</strong></span> <span class='ocrx_word' id='word_1_68' title='bbox 141 881 228 940; x_wconf 85' lang='lat' dir='ltr'><strong>Miss.</strong></span> <span class='ocrx_word' id='word_1_69' title='bbox 241 902 321 940; x_wconf 91' lang='lat' dir='ltr'><strong>num.</strong></span> <span class='ocrx_word' id='word_1_70' title='bbox 333 882 383 939; x_wconf 83' lang='grc'><strong>88.</strong></span> <span class='ocrx_word' id='word_1_71' title='bbox 961 933 965 940; x_wconf 89' lang='grc'><strong>.</strong></span> 
     </span>
    </p>

    <p class='ocr_par' dir='ltr' id='par_1_4' title="bbox 70 957 772 1042">
     <span class='ocr_line' id='line_1_10' title="bbox 70 957 772 1042; baseline -0.003 -20"><span class='ocrx_word' id='word_1_72' title='bbox 70 963 131 1042; x_wconf 91' lang='lat' dir='ltr'><strong>Obj.</strong></span> <span class='ocrx_word' id='word_1_73' title='bbox 145 961 281 1022; x_wconf 84' lang='lat' dir='ltr'><strong>Ecclesia</strong></span> <span class='ocrx_word' id='word_1_74' title='bbox 290 978 352 1020; x_wconf 92' lang='lat' dir='ltr'><strong>non</strong></span> <span class='ocrx_word' id='word_1_75' title='bbox 366 959 499 1038; x_wconf 72' lang='lat' dir='ltr'><strong>precipit</strong></span> <span class='ocrx_word' id='word_1_76' title='bbox 512 969 596 1020; x_wconf 88' lang='lat' dir='ltr'><strong>actus</strong></span> <span class='ocrx_word' id='word_1_77' title='bbox 610 957 749 1020; x_wconf 80' lang='lat' dir='ltr'><strong>internos.</strong></span> <span class='ocrx_word' id='word_1_78' title='bbox 767 991 772 998; x_wconf 93' lang='lat'><strong>·</strong></span> 
     </span>
    </p>

    <p class='ocr_par' dir='ltr' id='par_1_5' title="bbox 39 1037 975 1420">
     <span class='ocr_line' id='line_1_11' title="bbox 70 1037 975 1117; baseline -0.002 -17"><span class='ocrx_word' id='word_1_79' title='bbox 70 1043 103 1100; x_wconf 90' lang='lat' dir='ltr'><strong>R.</strong></span> <span class='ocrx_word' id='word_1_80' title='bbox 121 1042 156 1100; x_wconf 90' lang='lat' dir='ltr'><strong>In</strong></span> <span class='ocrx_word' id='word_1_81' title='bbox 171 1041 314 1100; x_wconf 84' lang='lat' dir='ltr'><strong>Tractatu</strong></span> <span class='ocrx_word' id='word_1_82' title='bbox 328 1039 366 1100; x_wconf 91' lang='lat' dir='ltr'><strong>de</strong></span> <span class='ocrx_word' id='word_1_83' title='bbox 379 1039 493 1116; x_wconf 83' lang='lat' dir='ltr'><strong>legibus</strong></span> <span class='ocrx_word' id='word_1_84' title='bbox 512 1039 643 1108; x_wconf 82' lang='lat' dir='ltr'><strong>docetur,</strong></span> <span class='ocrx_word' id='word_1_85' title='bbox 660 1037 740 1117; x_wconf 73' lang='lat' dir='ltr'><strong>quad</strong></span> <span class='ocrx_word' id='word_1_86' title='bbox 753 1037 825 1098; x_wconf 77' lang='lat' dir='ltr'><strong>licet</strong></span> <span class='ocrx_word' id='word_1_87' title='bbox 839 1037 975 1098; x_wconf 82' lang='lat' dir='ltr'><strong>Ecclesia</strong></span> 
     </span>
     <span class='ocr_line' id='line_1_12' title="bbox 39 1117 973 1201; baseline -0.006 -19"><span class='ocrx_word' id='word_1_88' title='bbox 39 1142 85 1182; x_wconf 90' lang='lat' dir='ltr'><strong>non</strong></span> <span class='ocrx_word' id='word_1_89' title='bbox 97 1121 188 1181; x_wconf 83' lang='lat' dir='ltr'><strong>soleat</strong></span> <span class='ocrx_word' id='word_1_90' title='bbox 210 1131 297 1201; x_wconf 84' lang='lat' dir='ltr'><strong>aetus</strong></span> <span class='ocrx_word' id='word_1_91' title='bbox 318 1119 399 1178; x_wconf 73' lang='lat' dir='ltr'><strong>mere</strong></span> <span class='ocrx_word' id='word_1_92' title='bbox 423 1119 554 1178; x_wconf 89' lang='lat' dir='ltr'><strong>internos</strong></span> <span class='ocrx_word' id='word_1_93' title='bbox 570 1117 739 1198; x_wconf 86' lang='lat' dir='ltr'><strong>praecipere,</strong></span> <span class='ocrx_word' id='word_1_94' title='bbox 754 1129 884 1178; x_wconf 76' lang='lat' dir='ltr'><strong>attamen</strong></span> <span class='ocrx_word' id='word_1_95' title='bbox 906 1137 973 1176; x_wconf 90' lang='lat' dir='ltr'><strong>cum</strong></span> 
     </span>
     <span class='ocr_line' id='line_1_13' title="bbox 39 1196 973 1278; baseline -0.005 -18"><span class='ocrx_word' id='word_1_96' title='bbox 39 1214 93 1261; x_wconf 85' lang='lat' dir='ltr'><strong>actu</strong></span> <span class='ocrx_word' id='word_1_97' title='bbox 117 1211 243 1260; x_wconf 84' lang='lat' dir='ltr'><strong>externo</strong></span> <span class='ocrx_word' id='word_1_98' title='bbox 270 1199 355 1258; x_wconf 89' lang='lat' dir='ltr'><strong>simul</strong></span> <span class='ocrx_word' id='word_1_99' title='bbox 379 1197 531 1278; x_wconf 72' lang='lat' dir='ltr'><strong>precipiat</strong></span> <span class='ocrx_word' id='word_1_100' title='bbox 552 1209 650 1257; x_wconf 89' lang='lat' dir='ltr'><strong>actum</strong></span> <span class='ocrx_word' id='word_1_101' title='bbox 673 1196 820 1258; x_wconf 88' lang='lat' dir='ltr'><strong>internum</strong></span> <span class='ocrx_word' id='word_1_102' title='bbox 837 1216 973 1256; x_wconf 85' lang='lat' dir='ltr'><strong>necessa·</strong></span> 
     </span>
     <span class='ocr_line' id='line_1_14' title="bbox 40 1276 972 1358; baseline -0.003 -21"><span class='ocrx_word' id='word_1_103' title='bbox 40 1282 115 1348; x_wconf 85' lang='lat' dir='ltr'><strong>rium;</strong></span> <span class='ocrx_word' id='word_1_104' title='bbox 135 1279 179 1338; x_wconf 88' lang='lat' dir='ltr'><strong>sic</strong></span> <span class='ocrx_word' id='word_1_105' title='bbox 202 1277 398 1358; x_wconf 86' lang='lat' dir='ltr'><strong>praecipiendo</strong></span> <span class='ocrx_word' id='word_1_106' title='bbox 430 1277 600 1346; x_wconf 88' lang='lat' dir='ltr'><strong>orationem,</strong></span> <span class='ocrx_word' id='word_1_107' title='bbox 625 1276 761 1356; x_wconf 48' lang='lat' dir='ltr'><strong>praecipit*</strong></span> <span class='ocrx_word' id='word_1_108' title='bbox 779 1277 972 1338; x_wconf 81' lang='lat' dir='ltr'><strong>attentionem</strong></span> 
     </span>
     <span class='ocr_line' id='line_1_15' title="bbox 39 1355 689 1420; baseline 0 -3"><span class='ocrx_word' id='word_1_109' title='bbox 39 1362 165 1420; x_wconf 85' lang='lat' dir='ltr'><strong>internam</strong></span> <span class='ocrx_word' id='word_1_110' title='bbox 183 1357 370 1418; x_wconf 84' lang='lat' dir='ltr'><strong>essentialem</strong></span> <span class='ocrx_word' id='word_1_111' title='bbox 384 1357 415 1416; x_wconf 91' lang='lat' dir='ltr'><strong>in</strong></span> <span class='ocrx_word' id='word_1_112' title='bbox 429 1357 560 1417; x_wconf 90' lang='lat' dir='ltr'><strong>oratione</strong></span> <span class='ocrx_word' id='word_1_113' title='bbox 574 1355 689 1417; x_wconf 87' lang='lat' dir='ltr'><strong>devota.</strong></span> 
     </span>
    </p>
   </div>
   <div class='ocr_carea' id='block_1_3' title="bbox 38 1572 973 1819">
    <p class='ocr_par' dir='ltr' id='par_1_6' title="bbox 38 1572 973 1819">
     <span class='ocr_line' id='line_1_16' title="bbox 38 1572 973 1672; baseline -0.004 -36"><span class='ocrx_word' id='word_1_114' title='bbox 38 1580 67 1636; x_wconf 88' lang='lat' dir='ltr'><strong>N.</strong></span> <span class='ocrx_word' id='word_1_115' title='bbox 82 1581 126 1638; x_wconf 82' lang='grc'><strong>46.</strong></span> <span class='ocrx_word' id='word_1_116' title='bbox 167 1577 229 1638; x_wconf 85' lang='lat' dir='ltr'><strong>DE</strong></span> <span class='ocrx_word' id='word_1_117' title='bbox 250 1576 526 1638; x_wconf 86' lang='lat' dir='ltr'><strong>ATTENTIONE</strong></span> <span class='ocrx_word' id='word_1_118' title='bbox 547 1575 605 1636; x_wconf 88' lang='lat' dir='ltr'><strong>EX</strong></span> <span class='ocrx_word' id='word_1_119' title='bbox 625 1575 768 1672; x_wconf 73' lang='grc' dir='ltr'><strong>ΡΑΒΤΕΙ</strong></span> <span class='ocrx_word' id='word_1_120' title='bbox 788 1572 973 1636; x_wconf 86' lang='lat' dir='ltr'><strong>OBJECTI.</strong></span> 
     </span>
     <span class='ocr_line' id='line_1_17' title="bbox 303 1741 689 1819; baseline -0.01 -17"><span class='ocrx_word' id='word_1_121' title='bbox 303 1741 337 1802; x_wconf 84' lang='lat' dir='ltr'><strong>S.</strong></span> <span class='ocrx_word' id='word_1_122' title='bbox 356 1741 455 1802; x_wconf 73' lang='lat' dir='ltr'><strong>Ibora.</strong></span> <span class='ocrx_word' id='word_1_123' title='bbox 468 1760 497 1819; x_wconf 88' lang='lat' dir='ltr'><strong>q.</strong></span> <span class='ocrx_word' id='word_1_124' title='bbox 510 1743 558 1800; x_wconf 82' lang='lat'><strong>83.</strong></span> <span class='ocrx_word' id='word_1_125' title='bbox 571 1749 628 1800; x_wconf 87' lang='lat' dir='ltr'><strong>art.</strong></span> <span class='ocrx_word' id='word_1_126' title='bbox 643 1741 689 1799; x_wconf 82' lang='lat'><strong>13.</strong></span> 
     </span>
    </p>
   </div>
   <div class='ocr_carea' id='block_1_4' title="bbox 69 1903 1095 2382">
    <p class='ocr_par' dir='ltr' id='par_1_7' title="bbox 69 1903 1095 2062">
     <span class='ocr_line' id='line_1_18' title="bbox 69 1903 1095 1982; baseline -0.006 -15"><span class='ocrx_word' id='word_1_127' title='bbox 69 1905 219 1968; x_wconf 67' lang='lat' dir='ltr'><strong>Dttsensio</strong></span> <span class='ocrx_word' id='word_1_128' title='bbox 233 1904 356 1964; x_wconf 73' lang='lat' dir='ltr'><strong>Author.</strong></span> <span class='ocrx_word' id='word_1_129' title='bbox 396 1905 435 1964; x_wconf 90' lang='lat'><strong>11.</strong></span> <span class='ocrx_word' id='word_1_130' title='bbox 456 1903 755 1982; x_wconf 68' lang='lat' dir='ltr'><strong>Reqoinrorarnntio</strong></span> <span class='ocrx_word' id='word_1_131' title='bbox 777 1905 819 1962; x_wconf 83' lang='lat' dir='ltr'><strong>ad</strong></span> <span class='ocrx_word' id='word_1_132' title='bbox 837 1903 971 1978; x_wconf 62' lang='lat' dir='ltr'><strong>veriats</strong></span> <span class='ocrx_word' id='word_1_133' title='bbox 1093 1935 1095 1942; x_wconf 42' lang='grc' dir='ltr'><strong><em>ι</em></strong></span> 
     </span>
     <span class='ocr_line' id='line_1_19' title="bbox 80 1983 972 2062; baseline -0.002 -18"><span class='ocrx_word' id='word_1_134' title='bbox 80 1984 232 2044; x_wconf 84' lang='lat' dir='ltr'><strong>odDenrn.</strong></span> <span class='ocrx_word' id='word_1_135' title='bbox 272 1985 327 2044; x_wconf 91' lang='lat' dir='ltr'><strong>III.</strong></span> <span class='ocrx_word' id='word_1_136' title='bbox 347 1983 475 2048; x_wconf 83' lang='lat' dir='ltr'><strong>Attentio</strong></span> <span class='ocrx_word' id='word_1_137' title='bbox 488 1986 530 2042; x_wconf 83' lang='lat' dir='ltr'><strong>ad</strong></span> <span class='ocrx_word' id='word_1_138' title='bbox 545 2005 658 2044; x_wconf 80' lang='lat' dir='ltr'><strong>sensnm</strong></span> <span class='ocrx_word' id='word_1_139' title='bbox 678 2003 737 2042; x_wconf 90' lang='lat' dir='ltr'><strong>non</strong></span> <span class='ocrx_word' id='word_1_140' title='bbox 749 1985 909 2062; x_wconf 59' lang='lat' dir='ltr'><strong>requiritur</strong></span> <span class='ocrx_word' id='word_1_141' title='bbox 922 1983 972 2042; x_wconf 78' lang='lat' dir='ltr'><strong>rib-</strong></span> 
     </span>
    </p>

    <p class='ocr_par' dir='ltr' id='par_1_8' title="bbox 80 2063 971 2126">
     <span class='ocr_line' id='line_1_20' title="bbox 80 2063 971 2126; baseline -0.006 -2"><span class='ocrx_word' id='word_1_142' title='bbox 80 2063 175 2124; x_wconf 71' lang='lat' dir='ltr'><strong>solare.</strong></span> <span class='ocrx_word' id='word_1_143' title='bbox 216 2065 268 2123; x_wconf 91' lang='lat' dir='ltr'><strong>IV.</strong></span> <span class='ocrx_word' id='word_1_144' title='bbox 288 2063 439 2123; x_wconf 73' lang='lat' dir='ltr'><strong>Probatur</strong></span> <span class='ocrx_word' id='word_1_145' title='bbox 459 2067 640 2124; x_wconf 78' lang='lat' dir='ltr'><strong>attentionem</strong></span> <span class='ocrx_word' id='word_1_146' title='bbox 662 2065 704 2122; x_wconf 82' lang='lat' dir='ltr'><strong>ad</strong></span> <span class='ocrx_word' id='word_1_147' title='bbox 728 2065 825 2126; x_wconf 82' lang='lat' dir='ltr'><strong>Deum</strong></span> <span class='ocrx_word' id='word_1_148' title='bbox 847 2083 971 2120; x_wconf 82' lang='lat' dir='ltr'><strong>necesso-</strong></span> 
     </span>
    </p>

    <p class='ocr_par' dir='ltr' id='par_1_9' title="bbox 80 2141 971 2203">
     <span class='ocr_line' id='line_1_21' title="bbox 80 2141 971 2203; baseline -0.003 -1"><span class='ocrx_word' id='word_1_149' title='bbox 80 2147 154 2203; x_wconf 83' lang='lat' dir='ltr'><strong>riom</strong></span> <span class='ocrx_word' id='word_1_150' title='bbox 167 2163 234 2202; x_wconf 80' lang='lat' dir='ltr'><strong>erro.</strong></span> <span class='ocrx_word' id='word_1_151' title='bbox 274 2143 310 2202; x_wconf 90' lang='lat' dir='ltr'><strong>V.</strong></span> <span class='ocrx_word' id='word_1_152' title='bbox 331 2143 651 2202; x_wconf 81' lang='lat' dir='ltr'><strong>Iternottentioncrnad</strong></span> <span class='ocrx_word' id='word_1_153' title='bbox 665 2141 761 2202; x_wconf 83' lang='lat' dir='ltr'><strong>aerbo.</strong></span> <span class='ocrx_word' id='word_1_154' title='bbox 799 2141 851 2202; x_wconf 90' lang='lat' dir='ltr'><strong>VI.</strong></span> <span class='ocrx_word' id='word_1_155' title='bbox 870 2141 971 2200; x_wconf 82' lang='lat' dir='ltr'><strong>Atten-</strong></span> 
     </span>
    </p>

    <p class='ocr_par' dir='ltr' id='par_1_10' title="bbox 82 2221 970 2382">
     <span class='ocr_line' id='line_1_22' title="bbox 82 2221 970 2300; baseline -0.002 -19"><span class='ocrx_word' id='word_1_156' title='bbox 82 2226 119 2281; x_wconf 83' lang='lat' dir='ltr'><strong>tio</strong></span> <span class='ocrx_word' id='word_1_157' title='bbox 140 2221 219 2282; x_wconf 61' lang='lat' dir='ltr'><strong>mere*</strong></span> <span class='ocrx_word' id='word_1_158' title='bbox 245 2232 361 2280; x_wconf 77' lang='lat' dir='ltr'><strong>artemo</strong></span> <span class='ocrx_word' id='word_1_159' title='bbox 382 2241 440 2281; x_wconf 89' lang='lat' dir='ltr'><strong>non</strong></span> <span class='ocrx_word' id='word_1_160' title='bbox 460 2243 495 2281; x_wconf 81' lang='lat' dir='ltr'><strong>su</strong></span> <span class='ocrx_word' id='word_1_161' title='bbox 549 2225 556 2237; x_wconf 82' lang='grc'><em>“</em></span> <span class='ocrx_word' id='word_1_162' title='bbox 622 2223 690 2282; x_wconf 88' lang='lat' dir='ltr'><strong>VII.</strong></span> <span class='ocrx_word' id='word_1_163' title='bbox 715 2223 847 2300; x_wconf 66' lang='lat' dir='ltr'><strong>Oln&#39;aetr&#39;o.</strong></span> <span class='ocrx_word' id='word_1_164' title='bbox 888 2221 970 2280; x_wconf 90' lang='lat' dir='ltr'><strong>VIII.</strong></span> 
     </span>
     <span class='ocr_line' id='line_1_23' title="bbox 84 2301 869 2382; baseline -0.004 -20"><span class='ocrx_word' id='word_1_165' title='bbox 84 2303 216 2382; x_wconf 68' lang='lat' dir='ltr'><strong>Olq&#39;actr&#39;n.</strong></span> <span class='ocrx_word' id='word_1_166' title='bbox 255 2301 308 2376; x_wconf 81' lang='lat' dir='ltr'><strong>IX.</strong></span> <span class='ocrx_word' id='word_1_167' title='bbox 328 2301 451 2362; x_wconf 79' lang='lat' dir='ltr'><strong>Dantur</strong></span> <span class='ocrx_word' id='word_1_168' title='bbox 456 2322 482 2380; x_wconf 81' lang='lat' dir='ltr'><em>p</em></span> <span class='ocrx_word' id='word_1_169' title='bbox 494 2321 559 2362; x_wconf 77' lang='lat' dir='ltr'><strong>ares</strong></span> <span class='ocrx_word' id='word_1_170' title='bbox 569 2303 681 2380; x_wconf 77' lang='lat' dir='ltr'><strong>qradnr</strong></span> <span class='ocrx_word' id='word_1_171' title='bbox 693 2303 869 2361; x_wconf 82' lang='lat' dir='ltr'><strong>attentionis.</strong></span> 
     </span>
    </p>
   </div>
   <div class='ocr_carea' id='block_1_5' title="bbox 37 2464 972 3420">
    <p class='ocr_par' dir='ltr' id='par_1_11' title="bbox 37 2464 972 2606">
     <span class='ocr_line' id='line_1_24' title="bbox 67 2464 972 2548; baseline -0.009 -16"><span class='ocrx_word' id='word_1_172' title='bbox 67 2465 262 2532; x_wconf 82' lang='lat' dir='ltr'><strong>QUAENAM</strong></span> <span class='ocrx_word' id='word_1_173' title='bbox 275 2465 399 2526; x_wconf 86' lang='lat' dir='ltr'><strong>attentio</strong></span> <span class='ocrx_word' id='word_1_174' title='bbox 412 2486 452 2526; x_wconf 86' lang='lat' dir='ltr'><strong>ex</strong></span> <span class='ocrx_word' id='word_1_175' title='bbox 465 2479 549 2546; x_wconf 87' lang='lat' dir='ltr'><strong>parte</strong></span> <span class='ocrx_word' id='word_1_176' title='bbox 563 2465 671 2548; x_wconf 89' lang='lat' dir='ltr'><strong>objecti</strong></span> <span class='ocrx_word' id='word_1_177' title='bbox 684 2465 840 2546; x_wconf 87' lang='lat' dir='ltr'><strong>requiritur</strong></span> <span class='ocrx_word' id='word_1_178' title='bbox 854 2464 883 2522; x_wconf 91' lang='lat' dir='ltr'><strong>in</strong></span> <span class='ocrx_word' id='word_1_179' title='bbox 897 2465 972 2526; x_wconf 86' lang='lat' dir='ltr'><strong>reci-</strong></span> 
     </span>
     <span class='ocr_line' id='line_1_25' title="bbox 37 2545 542 2606; baseline 0.004 -2"><span class='ocrx_word' id='word_1_180' title='bbox 37 2547 127 2606; x_wconf 85' lang='lat' dir='ltr'><strong>tatione</strong></span> <span class='ocrx_word' id='word_1_181' title='bbox 142 2547 294 2606; x_wconf 86' lang='lat' dir='ltr'><strong>Horarum</strong></span> <span class='ocrx_word' id='word_1_182' title='bbox 308 2545 542 2606; x_wconf 83' lang='lat' dir='ltr'><strong>Canonicarum?</strong></span> 
     </span>
    </p>

    <p class='ocr_par' dir='ltr' id='par_1_12' title="bbox 38 2625 968 2784">
     <span class='ocr_line' id='line_1_26' title="bbox 65 2625 968 2696; baseline 0.002 -14"><span class='ocrx_word' id='word_1_183' title='bbox 65 2625 85 2682; x_wconf 91' lang='lat'><strong>1.</strong></span> <span class='ocrx_word' id='word_1_184' title='bbox 103 2625 139 2684; x_wconf 81' lang='lat' dir='ltr'><strong>R.</strong></span> <span class='ocrx_word' id='word_1_185' title='bbox 161 2625 296 2684; x_wconf 75' lang='lat' dir='ltr'><strong>Multum</strong></span> <span class='ocrx_word' id='word_1_186' title='bbox 317 2626 367 2685; x_wconf 86' lang='lat' dir='ltr'><strong>hic</strong></span> <span class='ocrx_word' id='word_1_187' title='bbox 381 2625 556 2686; x_wconf 87' lang='lat' dir='ltr'><strong>dissentiunt</strong></span> <span class='ocrx_word' id='word_1_188' title='bbox 580 2627 730 2686; x_wconf 89' lang='lat' dir='ltr'><strong>Authores</strong></span> <span class='ocrx_word' id='word_1_189' title='bbox 753 2625 830 2685; x_wconf 87' lang='lat' dir='ltr'><strong>inter</strong></span> <span class='ocrx_word' id='word_1_190' title='bbox 844 2644 885 2696; x_wconf 86' lang='lat' dir='ltr'><strong>se,</strong></span> <span class='ocrx_word' id='word_1_191' title='bbox 910 2625 968 2684; x_wconf 77' lang='lat' dir='ltr'><strong>irnb</strong></span> 
     </span>
     <span class='ocr_line' id='line_1_27' title="bbox 38 2704 655 2784; baseline 0.005 -22"><span class='ocrx_word' id='word_1_192' title='bbox 38 2704 106 2782; x_wconf 76' lang='lat' dir='ltr'><strong>aliqui</strong></span> <span class='ocrx_word' id='word_1_193' title='bbox 118 2725 155 2764; x_wconf 90' lang='lat' dir='ltr'><strong>ne</strong></span> <span class='ocrx_word' id='word_1_194' title='bbox 170 2704 291 2783; x_wconf 91' lang='lat' dir='ltr'><strong>quidem</strong></span> <span class='ocrx_word' id='word_1_195' title='bbox 305 2705 359 2765; x_wconf 90' lang='lat' dir='ltr'><strong>sibi</strong></span> <span class='ocrx_word' id='word_1_196' title='bbox 377 2704 447 2784; x_wconf 88' lang='lat' dir='ltr'><strong>ipsis</strong></span> <span class='ocrx_word' id='word_1_197' title='bbox 460 2705 655 2766; x_wconf 82' lang='lat' dir='ltr'><strong>consentiunt.</strong></span> 
     </span>
    </p>

    <p class='ocr_par' dir='ltr' id='par_1_13' title="bbox 38 2783 972 3420">
     <span class='ocr_line' id='line_1_28' title="bbox 65 2783 969 2864; baseline 0 -22"><span class='ocrx_word' id='word_1_198' title='bbox 65 2785 98 2842; x_wconf 92' lang='lat'><strong>11.</strong></span> <span class='ocrx_word' id='word_1_199' title='bbox 117 2783 297 2864; x_wconf 85' lang='lat' dir='ltr'><strong>Respondeo</strong></span> <span class='ocrx_word' id='word_1_200' title='bbox 311 2784 399 2862; x_wconf 86' lang='lat' dir='ltr'><strong>igitur</strong></span> <span class='ocrx_word' id='word_1_201' title='bbox 412 2805 480 2846; x_wconf 88' lang='lat' dir='ltr'><strong>cum</strong></span> <span class='ocrx_word' id='word_1_202' title='bbox 495 2785 594 2864; x_wconf 86' lang='lat' dir='ltr'><strong>Sylvio</strong></span> <span class='ocrx_word' id='word_1_203' title='bbox 607 2785 637 2844; x_wconf 89' lang='lat' dir='ltr'><strong>in</strong></span> <span class='ocrx_word' id='word_1_204' title='bbox 650 2788 678 2844; x_wconf 89' lang='grc'><strong>2.</strong></span> <span class='ocrx_word' id='word_1_205' title='bbox 702 2787 730 2844; x_wconf 94' lang='grc'><strong>2.</strong></span> <span class='ocrx_word' id='word_1_206' title='bbox 745 2805 773 2864; x_wconf 91' lang='lat' dir='ltr'><strong>q.</strong></span> <span class='ocrx_word' id='word_1_207' title='bbox 791 2787 839 2844; x_wconf 82' lang='grc'><strong>83.</strong></span> <span class='ocrx_word' id='word_1_208' title='bbox 852 2796 907 2846; x_wconf 83' lang='lat' dir='ltr'><strong>art.</strong></span> <span class='ocrx_word' id='word_1_209' title='bbox 924 2785 969 2842; x_wconf 91' lang='grc'><strong>18.</strong></span> 
     </span>
     <span class='ocr_line' id='line_1_29' title="bbox 38 2863 970 2943; baseline -0.001 -22"><span class='ocrx_word' id='word_1_210' title='bbox 38 2863 111 2924; x_wconf 90' lang='lat' dir='ltr'><strong>concl.</strong></span> <span class='ocrx_word' id='word_1_211' title='bbox 124 2865 152 2922; x_wconf 90' lang='lat'><strong>6.</strong></span> <span class='ocrx_word' id='word_1_212' title='bbox 167 2863 209 2924; x_wconf 88' lang='lat' dir='ltr'><strong>ad</strong></span> <span class='ocrx_word' id='word_1_213' title='bbox 230 2863 467 2923; x_wconf 83' lang='lat' dir='ltr'><strong>satisfaciendum</strong></span> <span class='ocrx_word' id='word_1_214' title='bbox 488 2876 635 2943; x_wconf 76' lang='lat' dir='ltr'><strong>praecepto</strong></span> <span class='ocrx_word' id='word_1_215' title='bbox 649 2863 790 2926; x_wconf 86' lang='lat' dir='ltr'><strong>Ecclesiae</strong></span> <span class='ocrx_word' id='word_1_216' title='bbox 813 2863 970 2942; x_wconf 87' lang='lat' dir='ltr'><strong>requiritur</strong></span> 
     </span>
     <span class='ocr_line' id='line_1_30' title="bbox 39 2941 972 3004; baseline 0 -4"><span class='ocrx_word' id='word_1_217' title='bbox 39 2943 140 3002; x_wconf 87' lang='lat' dir='ltr'><strong>attentio</strong></span> <span class='ocrx_word' id='word_1_218' title='bbox 155 2941 223 3002; x_wconf 86' lang='lat' dir='ltr'><strong>“ad</strong></span> <span class='ocrx_word' id='word_1_219' title='bbox 236 2945 325 3004; x_wconf 85' lang='lat' dir='ltr'><strong>verba</strong></span> <span class='ocrx_word' id='word_1_220' title='bbox 338 2947 363 3001; x_wconf 81' lang='lat' dir='ltr'><strong>tr</strong></span> <span class='ocrx_word' id='word_1_221' title='bbox 376 2945 415 3004; x_wconf 89' lang='lat' dir='ltr'><strong>ad</strong></span> <span class='ocrx_word' id='word_1_222' title='bbox 428 2943 526 3004; x_wconf 92' lang='lat' dir='ltr'><strong>Deum</strong></span> <span class='ocrx_word' id='word_1_223' title='bbox 538 2943 563 3002; x_wconf 84' lang='lat'><strong>:&#39;&#39;</strong></span> <span class='ocrx_word' id='word_1_224' title='bbox 603 2943 661 3002; x_wconf 94' lang='lat' dir='ltr'><strong>III.</strong></span> <span class='ocrx_word' id='word_1_225' title='bbox 681 2943 806 3004; x_wconf 85' lang='lat' dir='ltr'><strong>attentio</strong></span> <span class='ocrx_word' id='word_1_226' title='bbox 819 2955 917 3002; x_wconf 92' lang='lat' dir='ltr'><strong>autem</strong></span> <span class='ocrx_word' id='word_1_227' title='bbox 931 2943 972 3001; x_wconf 90' lang='lat' dir='ltr'><strong>ad</strong></span> 
     </span>
     <span class='ocr_line' id='line_1_31' title="bbox 40 3021 970 3100; baseline 0.006 -24"><span class='ocrx_word' id='word_1_228' title='bbox 40 3040 132 3080; x_wconf 86' lang='lat' dir='ltr'><strong>sensum</strong></span> <span class='ocrx_word' id='word_1_229' title='bbox 145 3023 303 3082; x_wconf 86' lang='lat' dir='ltr'><strong>verborum</strong></span> <span class='ocrx_word' id='word_1_230' title='bbox 322 3043 380 3082; x_wconf 91' lang='lat' dir='ltr'><strong>non</strong></span> <span class='ocrx_word' id='word_1_231' title='bbox 394 3035 440 3084; x_wconf 89' lang='lat' dir='ltr'><strong>est</strong></span> <span class='ocrx_word' id='word_1_232' title='bbox 453 3021 617 3084; x_wconf 88' lang='lat' dir='ltr'><strong>necessaria</strong></span> <span class='ocrx_word' id='word_1_233' title='bbox 630 3023 772 3092; x_wconf 73' lang='lat' dir='ltr'><strong>absolute,</strong></span> <span class='ocrx_word' id='word_1_234' title='bbox 797 3034 830 3082; x_wconf 90' lang='lat' dir='ltr'><strong>ut</strong></span> <span class='ocrx_word' id='word_1_235' title='bbox 843 3033 926 3100; x_wconf 86' lang='lat' dir='ltr'><strong>patet</strong></span> <span class='ocrx_word' id='word_1_236' title='bbox 939 3021 970 3082; x_wconf 88' lang='lat' dir='ltr'><strong>in</strong></span> 
     </span>
     <span class='ocr_line' id='line_1_32' title="bbox 39 3101 969 3179; baseline 0.009 -23"><span class='ocrx_word' id='word_1_237' title='bbox 39 3101 189 3162; x_wconf 89' lang='lat' dir='ltr'><strong>monialibus</strong></span> <span class='ocrx_word' id='word_1_238' title='bbox 212 3101 403 3162; x_wconf 88' lang='lat' dir='ltr'><strong>recitantibus</strong></span> <span class='ocrx_word' id='word_1_239' title='bbox 426 3103 524 3162; x_wconf 87' lang='lat' dir='ltr'><strong>Horas</strong></span> <span class='ocrx_word' id='word_1_240' title='bbox 539 3103 630 3172; x_wconf 85' lang='lat' dir='ltr'><strong>Can.;</strong></span> <span class='ocrx_word' id='word_1_241' title='bbox 652 3103 768 3162; x_wconf 89' lang='lat' dir='ltr'><strong>interim</strong></span> <span class='ocrx_word' id='word_1_242' title='bbox 780 3102 831 3170; x_wconf 91' lang='lat' dir='ltr'><strong>illi,</strong></span> <span class='ocrx_word' id='word_1_243' title='bbox 857 3101 906 3179; x_wconf 90' lang='lat' dir='ltr'><strong>qui</strong></span> <span class='ocrx_word' id='word_1_244' title='bbox 921 3122 969 3164; x_wconf 80' lang='lat' dir='ltr'><strong>ca·</strong></span> 
     </span>
     <span class='ocr_line' id='line_1_33' title="bbox 40 3180 970 3260; baseline -0.003 -19"><span class='ocrx_word' id='word_1_245' title='bbox 40 3199 106 3254; x_wconf 83' lang='lat' dir='ltr'><strong>paces</strong></span> <span class='ocrx_word' id='word_1_246' title='bbox 115 3193 185 3240; x_wconf 89' lang='lat' dir='ltr'><strong>sunt</strong></span> <span class='ocrx_word' id='word_1_247' title='bbox 193 3181 375 3260; x_wconf 86' lang='lat' dir='ltr'><strong>percipiendi</strong></span> <span class='ocrx_word' id='word_1_248' title='bbox 384 3203 501 3242; x_wconf 88' lang='lat' dir='ltr'><strong>sensum</strong></span> <span class='ocrx_word' id='word_1_249' title='bbox 511 3185 673 3253; x_wconf 88' lang='lat' dir='ltr'><strong>verborum,</strong></span> <span class='ocrx_word' id='word_1_250' title='bbox 688 3180 880 3242; x_wconf 85' lang='lat' dir='ltr'><strong>attentionem</strong></span> <span class='ocrx_word' id='word_1_251' title='bbox 891 3181 970 3240; x_wconf 86' lang='lat' dir='ltr'><strong>illam</strong></span> 
     </span>
     <span class='ocr_line' id='line_1_34' title="bbox 40 3259 970 3342; baseline 0.003 -28"><span class='ocrx_word' id='word_1_252' title='bbox 40 3259 165 3338; x_wconf 82' lang='lat' dir='ltr'><strong>negligere</strong></span> <span class='ocrx_word' id='word_1_253' title='bbox 188 3281 248 3320; x_wconf 90' lang='lat' dir='ltr'><strong>non</strong></span> <span class='ocrx_word' id='word_1_254' title='bbox 271 3273 411 3338; x_wconf 83' lang='lat' dir='ltr'><strong>possunt;</strong></span> <span class='ocrx_word' id='word_1_255' title='bbox 438 3261 547 3322; x_wconf 92' lang='lat' dir='ltr'><strong>idcirco</strong></span> <span class='ocrx_word' id='word_1_256' title='bbox 561 3262 639 3322; x_wconf 90' lang='lat' dir='ltr'><strong>enim</strong></span> <span class='ocrx_word' id='word_1_257' title='bbox 653 3261 787 3324; x_wconf 82' lang='lat' dir='ltr'><strong>Ecclesia</strong></span> <span class='ocrx_word' id='word_1_258' title='bbox 808 3260 970 3342; x_wconf 72' lang='lat' dir='ltr'><strong>prescribit</strong></span> 
     </span>
     <span class='ocr_line' id='line_1_35' title="bbox 41 3339 969 3420; baseline 0.004 -26"><span class='ocrx_word' id='word_1_259' title='bbox 41 3339 162 3399; x_wconf 73' lang='lat' dir='ltr'><strong>oratores</strong></span> <span class='ocrx_word' id='word_1_260' title='bbox 188 3339 303 3400; x_wconf 85' lang='lat' dir='ltr'><strong>diversa</strong></span> <span class='ocrx_word' id='word_1_261' title='bbox 316 3340 522 3418; x_wconf 83' lang='lat' dir='ltr'><strong>significantes,</strong></span> <span class='ocrx_word' id='word_1_262' title='bbox 547 3353 581 3404; x_wconf 90' lang='lat' dir='ltr'><strong>ut</strong></span> <span class='ocrx_word' id='word_1_263' title='bbox 594 3361 661 3402; x_wconf 88' lang='lat' dir='ltr'><strong>cum</strong></span> <span class='ocrx_word' id='word_1_264' title='bbox 675 3339 869 3420; x_wconf 84' lang='lat' dir='ltr'><strong>intelligentia</strong></span> <span class='ocrx_word' id='word_1_265' title='bbox 891 3341 969 3398; x_wconf 88' lang='lat' dir='ltr'><strong>fruc·</strong></span> 
     </span>
    </p>
   </div>
   <div class='ocr_carea' id='block_1_6' title="bbox 42 3419 1096 3891">
    <p class='ocr_par' dir='ltr' id='par_1_14' title="bbox 42 3419 1096 3891">
     <span class='ocr_line' id='line_1_36' title="bbox 42 3419 264 3478; baseline 0.018 -6"><span class='ocrx_word' id='word_1_266' title='bbox 42 3419 104 3476; x_wconf 73' lang='lat' dir='ltr'><strong>tussi</strong></span> <span class='ocrx_word' id='word_1_267' title='bbox 118 3419 145 3478; x_wconf 86' lang='lat' dir='ltr'><strong>lc</strong></span> <span class='ocrx_word' id='word_1_268' title='bbox 166 3430 264 3478; x_wconf 87' lang='lat' dir='ltr'><strong>antur.</strong></span> 
     </span>
     <span class='ocr_line' id='line_1_37' title="bbox 68 3435 1096 3632; baseline 0.012 -78"><span class='ocrx_word' id='word_1_269' title='bbox 68 3497 151 3558; x_wconf 87' lang='lat' dir='ltr'><strong>Proba</strong></span> <span class='ocrx_word' id='word_1_270' title='bbox 164 3498 245 3577; x_wconf 90' lang='lat' dir='ltr'><strong>quod</strong></span> <span class='ocrx_word' id='word_1_271' title='bbox 259 3498 423 3578; x_wconf 89' lang='lat' dir='ltr'><strong>requiratur</strong></span> <span class='ocrx_word' id='word_1_272' title='bbox 435 3499 731 3562; x_wconf 86' lang='lat' dir='ltr'><strong>attentioadDeum.</strong></span> <span class='ocrx_word' id='word_1_273' title='bbox 1048 3435 1096 3632; x_wconf 56' lang='lat' dir='ltr'>ss</span> 
     </span>
     <span class='ocr_line' id='line_1_38' title="bbox 68 3575 969 3640; baseline 0.003 -9"><span class='ocrx_word' id='word_1_274' title='bbox 68 3575 110 3634; x_wconf 93' lang='lat' dir='ltr'><strong>1v.</strong></span> <span class='ocrx_word' id='word_1_275' title='bbox 130 3578 168 3636; x_wconf 88' lang='lat' dir='ltr'><strong>R.</strong></span> <span class='ocrx_word' id='word_1_276' title='bbox 191 3577 387 3638; x_wconf 87' lang='lat' dir='ltr'><strong>Pr0baturex</strong></span> <span class='ocrx_word' id='word_1_277' title='bbox 402 3579 433 3639; x_wconf 87' lang='lat' dir='ltr'><strong>S.</strong></span> <span class='ocrx_word' id='word_1_278' title='bbox 455 3579 559 3640; x_wconf 81' lang='lat' dir='ltr'><strong>Ibem.</strong></span> <span class='ocrx_word' id='word_1_279' title='bbox 573 3583 601 3638; x_wconf 91' lang='grc'><strong>2.</strong></span> <span class='ocrx_word' id='word_1_280' title='bbox 623 3583 651 3639; x_wconf 89' lang='grc'><strong>2.</strong></span> <span class='ocrx_word' id='word_1_281' title='bbox 686 3591 768 3640; x_wconf 81' lang='lat' dir='ltr'><strong>urest.</strong></span> <span class='ocrx_word' id='word_1_282' title='bbox 790 3581 838 3637; x_wconf 84' lang='lat'><strong>83.</strong></span> <span class='ocrx_word' id='word_1_283' title='bbox 852 3591 906 3638; x_wconf 88' lang='lat' dir='ltr'><strong>art.</strong></span> <span class='ocrx_word' id='word_1_284' title='bbox 924 3577 969 3635; x_wconf 81' lang='grc'><strong>18.</strong></span> 
     </span>
     <span class='ocr_line' id='line_1_39' title="bbox 43 3653 968 3737; baseline -0.001 -23"><span class='ocrx_word' id='word_1_285' title='bbox 43 3653 62 3710; x_wconf 85' lang='lat' dir='ltr'><strong>io</strong></span> <span class='ocrx_word' id='word_1_286' title='bbox 79 3657 247 3728; x_wconf 78' lang='lat' dir='ltr'><strong>edicente,</strong></span> <span class='ocrx_word' id='word_1_287' title='bbox 269 3657 351 3737; x_wconf 76' lang='lat' dir='ltr'><strong>quod</strong></span> <span class='ocrx_word' id='word_1_288' title='bbox 364 3659 428 3719; x_wconf 83' lang='lat' dir='ltr'><strong>haec</strong></span> <span class='ocrx_word' id='word_1_289' title='bbox 452 3660 603 3719; x_wconf 83' lang='lat' dir='ltr'><strong>“attentio</strong></span> <span class='ocrx_word' id='word_1_290' title='bbox 616 3659 654 3719; x_wconf 89' lang='lat' dir='ltr'><strong>ad</strong></span> <span class='ocrx_word' id='word_1_291' title='bbox 700 3659 819 3719; x_wconf 85' lang='lat' dir='ltr'><strong>sumsit</strong></span> <span class='ocrx_word' id='word_1_292' title='bbox 840 3657 968 3715; x_wconf 75' lang='lat' dir='ltr'><strong>maxime</strong></span> 
     </span>
     <span class='ocr_line' id='line_1_40' title="bbox 44 3735 967 3817; baseline 0.001 -28"><span class='ocrx_word' id='word_1_293' title='bbox 44 3735 207 3796; x_wconf 73' lang='lat' dir='ltr'><strong>necmsaria.”</strong></span> <span class='ocrx_word' id='word_1_294' title='bbox 249 3737 337 3797; x_wconf 89' lang='lat' dir='ltr'><strong>Ratio</strong></span> <span class='ocrx_word' id='word_1_295' title='bbox 360 3737 542 3817; x_wconf 84' lang='lat' dir='ltr'><strong>suffragatur,</strong></span> <span class='ocrx_word' id='word_1_296' title='bbox 567 3738 635 3817; x_wconf 89' lang='lat' dir='ltr'><strong>quia</strong></span> <span class='ocrx_word' id='word_1_297' title='bbox 656 3738 779 3797; x_wconf 86' lang='lat' dir='ltr'><strong>attentio</strong></span> <span class='ocrx_word' id='word_1_298' title='bbox 802 3736 850 3794; x_wconf 91' lang='lat' dir='ltr'><strong>illa</strong></span> <span class='ocrx_word' id='word_1_299' title='bbox 871 3747 917 3792; x_wconf 89' lang='lat' dir='ltr'><strong>est</strong></span> <span class='ocrx_word' id='word_1_300' title='bbox 931 3735 967 3790; x_wconf 60' lang='lat' dir='ltr'><strong>dr·</strong></span> 
     </span>
     <span class='ocr_line' id='line_1_41' title="bbox 46 3814 844 3891; baseline 0 -18"><span class='ocrx_word' id='word_1_301' title='bbox 46 3814 182 3877; x_wconf 71' lang='lat' dir='ltr'><strong>susanna</strong></span> <span class='ocrx_word' id='word_1_302' title='bbox 195 3817 341 3891; x_wconf 86' lang='lat' dir='ltr'><strong>orationis,</strong></span> <span class='ocrx_word' id='word_1_303' title='bbox 364 3822 391 3878; x_wconf 78' lang='lat' dir='ltr'><strong>tr</strong></span> <span class='ocrx_word' id='word_1_304' title='bbox 404 3817 466 3880; x_wconf 87' lang='lat' dir='ltr'><strong>sine</strong></span> <span class='ocrx_word' id='word_1_305' title='bbox 480 3817 529 3878; x_wconf 88' lang='lat' dir='ltr'><strong>illa</strong></span> <span class='ocrx_word' id='word_1_306' title='bbox 542 3817 674 3878; x_wconf 87' lang='lat' dir='ltr'><strong>recitatio</strong></span> <span class='ocrx_word' id='word_1_307' title='bbox 687 3836 745 3878; x_wconf 90' lang='lat' dir='ltr'><strong>non</strong></span> <span class='ocrx_word' id='word_1_308' title='bbox 766 3824 844 3874; x_wconf 87' lang='lat' dir='ltr'><strong>esset</strong></span> 
     </span>
    </p>
   </div>
   <div class='ocr_carea' id='block_1_7' title="bbox 0 0 1124 4084">
    <p class='ocr_par' dir='ltr' id='par_1_15' title="bbox 0 0 1124 4084">
     <span class='ocr_line' id='line_1_42' title="bbox 0 0 1124 4084; baseline 0 0"><span class='ocrx_word' id='word_1_309' title='bbox 0 0 1124 4084; x_wconf 95' lang='lat' dir='ltr'><strong> </strong></span> 
     </span>
    </p>
   </div>
  </div>
 </body>
</html>
