2244 4082
394 181 436 224 na
457 133 602 227 susurro.
800 240 805 248 .
918 166 975 222 341

35 335 88 383 tres
98 333 203 400 partes,
219 305 352 402 quaedain
365 341 463 384 causae
472 301 618 388 excusent
627 325 664 385 ab
673 325 878 386 observatione
889 325 976 383 unius

33 401 133 538 gartia,v
146 421 204 462 non
218 413 318 462 tamen
332 405 369 472 ab
388 403 596 466 observatione
619 403 741 466 aliarum
754 405 884 486 ‘partium
906 425 934 462 v.
948 425 976 482 g.

52 481 209 558 ispensatus
223 493 258 542 ut
272 482 413 543 comedat¹
422 501 536 554 carnes,
550 503 609 544 non
624 481 691 544 ideo
705 493 804 563 potest
818 480 917 562 plures
931 501 978 541 re-

31 559 167 620 fectiones
180 579 297 640 capere,
306 573 368 622 'nec
381 563 543 641 prevenire
564 563 686 632 horam;
710 564 753 624 sic
767 583 855 624 causa
868 562 976 623 laboris

32 637 196 716 permittens
209 641 309 728 plures
331 641 509 710 refectiones
522 663 581 705 non
604 641 751 722 permittit
765 661 848 706 esum
863 643 978 708 carnis;

32 717 157 778 similiter
176 739 265 791 causa
289 719 608 801 aliquapraeveniendi
621 721 733 794 horam,
757 742 817 785 non
830 718 978 802 permittit

31 815 105 856 esum
119 799 224 870 carnis,
233 809 295 861 'nec
309 819 426 880 semper
438 801 538 880 plures
552 801 741 864 refectiones.
840 857 842 864 Α

65 877 266 952 Generaliter:
280 881 403 959 quinon
417 879 516 960 potest
538 881 693 942 observare
715 881 881 961 perfectum
901 883 978 960 jeju-

31 956 111 1026 nium,
125 957 217 1019 debet
230 960 395 1031 servareid3
411 959 489 1042 quod
499 971 616 1040 potest3
631 961 699 1042 quia
708 961 853 1056 jejunium
864 970 980 1022 constat

30 1035 153 1113 partibus
167 1038 378 1110 divisibilibus;
400 1040 534 1120 'adeoque
553 1059 614 1100 una
635 1059 704 1120 pars
723 1039 857 1102 sme'alia
880 1041 1001 1124 obser-e

31 1115 84 1174 vari
97 1125 196 1194 potest
209 1119 348 1179 &debet-
384 1181 387 1188 ,
459 1139 463 1154 ·
563 1125 568 1134 '
894 1187 898 1200 ι

63 1195 108 1254 lta
120 1205 156 1255 ut
168 1198 241 1258 falsa
253 1198 294 1258 sit
312 1199 377 1258 liaec
390 1198 553 1278 aliquorum
569 1199 771 1260 Casuistarum
785 1199 904 1278 regula:
930 1199 979 1258 cui

32 1274 203 1410 pefrmittitur
226 1279 298 1338 esus'
318 1278 459 1350 caminia,
484 1279 699 1358 permittuntur
710 1280 809 1360 plures
830 1297 885 1362 per
900 1277 978 1338 diem

32 1365 209 1416 reectrones.
308 1385 311 1392 ·
358 1387 360 1394 ¹
769 1417 772 1422 .

64 1433 117 1492 111.
128 1434 264 1510 Observa
272 1436 401 1516 insuper,
417 1436 594 1517 quddcausa
604 1439 712 1501 debeat
725 1457 791 1499 esse
800 1432 980 1498 rationabilis

32 1517 53 1570 tc
71 1515 299 1593 proportionata,
323 1517 366 1577 ita
387 1528 422 1577 ut
439 1519 532 1598 major
553 1537 642 1584 causa
662 1516 836 1597 requiratur
852 1537 905 1598 pro
929 1532 982 1576 esu

32 1593 125 1664 camis,
141 1595 231 1672 quini
244 1615 297 1674 pro
309 1595 521 1680 anticipatione
529 1597 713 1658 refectionis.
751 1617 755 1624 ’

66 1671 233 1766 Urbanitas,
257 1685 292 1734 ut
318 1679 392 1736 cum¹¹
408 1676 505 1752 ⁴arnico
531 1677 701 1747 manduces,
728 1697 786 1736 non
812 1687 937 1737 excusat
964 1677 982 1732 a

30 1771 141 1828 Jeumo.
356 1817 361 1826 ,
581 1815 584 1823 Α

53 1773 114 1890 JIV.
128 1833 494 1914 Indignationem'potids,
510 1835 598 1914 quim
611 1835 823 1914 Theologicam
845 1835 981 1895 refutati-

33 1929 109 1970 onem
122 1927 256 1986 meretur
269 1915 473 1994 multiplicitas
494 1915 718 1977 excusationum
733 1916 882 1996 djejunio,
909 1933 980 1992 quas

32 1990 139 2067 lingunt
154 1993 305 2064 Casulstaa
320 1995 531 2065 Probabilistre,
546 1995 588 2056 ita
598 2005 632 2055 ut
642 1995 693 2054 vix
706 1995 783 2056 ullus
796 1993 980 2062 homorivat,

33 2070 75 2206 qni
88 2089 126 2130 ex
139 2071 198 2132 illis
209 2073 336 2152 aliquam
347 2074 402 2134 sibi
415 2074 581 2135 adsciscere
595 2091 653 2134 non
667 2087 786 2154 posset:
800 2073 892 2134 refert
901 2073 979 2134 enim
992 2079 997 2089 '

55 2149 157 2210 uncina
171 2151 209 2211 de
218 2155 271 2232 jej.
285 2171 324 2213 ex
343 2153 489 2224 Hurtado,
512 2153 663 2233 quomodo*
672 2153 864 2232 Pasquali'gus
878 2172 980 2213 nume·

34 2240 72 2286 ret
82 2229 202 2290 circiter
210 2235 250 2290 50
260 2233 410 2292 hominum
419 2244 514 2294 status
523 2253 576 2294 seu
587 2234 712 2305 ordines,
725 2253 797 2314 quos
809 2235 981 2314 irpraecepto

31 2309 124 2386 jejunii
139 2311 251 2372 solutos
261 2329 328 2372 esse
343 2308 483 2377 declarat.
802 2337 804 2340 ·
873 2333 876 2340 ’

65 2389 99 2446 V.
109 2391 238 2464 Quinam
252 2391 342 2469 igitur
356 2393 523 2472 obligantur
535 2393 603 2470 lege
618 2391 830 2452 Ecclesiastici
839 2393 969 2472 jejunii?

67 2466 102 2526 R.
115 2469 231 2530 Omnes
245 2471 401 2550 Baptizati,
425 2472 475 2551 qui
488 2473 527 2532 ad
540 2491 625 2531 usum
639 2471 760 2538 rationis
773 2483 981 2550 pervenerunt,

35 2546 82 2604 nisi
96 2568 134 2609 ex
148 2549 248 2628 aliquo
261 2549 347 2610 titulo
361 2562 542 2612 exossantur
555 2552 603 2612 vel
617 2551 783 2612 eximantur
799 2551 893 2612 dtoto
906 2551 982 2611 vela

36 2637 120 2701 parte.

69 2710 116 2766 An
131 2708 221 2768 etiam
237 2709 404 2775 Haereticii

68 2787 104 2844 R.
117 2787 219 2849 affirm.
233 2789 257 2848 si
271 2789 331 2848 sint
342 2789 498 2868 baptizato
522 2790 591 2870 quia
604 2791 729 2850 substmt
742 2789 895 2861 Ecclesia,
916 2811 980 2870 quae

34 2885 85 2926 oon
98 2867 217 2926 videtur
230 2868 363 2928 relaxare
376 2869 473 2948 legem
488 2887 570 2929 suam
585 2869 614 2928 in
629 2870 753 2948 gratiam
764 2869 903 2949 ipsorum.

38 2945 211 3086 Eclchdeles‘
220 2967 277 3007 non
285 2948 435 3028 baptizati,
444 2969 508 3009 non
518 2949 696 3028 obligantur,
711 2948 846 3028 quianon
857 2951 981 3008 subsunt

102 3043 180 3086 esrae.

70 3185 107 3242 N.
140 3185 209 3246 267.
248 3185 307 3244 DE
329 3186 471 3247 CAUSA
492 3186 792 3247 INFIRMITATlS
815 3186 942 3248 EXCU·

18 3259 19 3266 '
166 3303 168 3306 -
306 3263 445 3325 SANTE
467 3267 497 3326 A
523 3265 709 3326 JEJUNIO.

38 3381 57 3439 1.
75 3380 214 3460 Infirmit.
245 3382 398 3462 corporat.
420 3393 545 3444 amat.
598 3384 639 3444 11.
666 3385 707 3446 In
731 3385 819 3446 dudm
835 3387 984 3464 judicium

88 3461 207 3520 Medici.
247 3461 303 3520 IIL
325 3461 390 3522 sas
414 3463 583 3541 infirmitate
609 3467 729 3525 veniunt
754 3465 898 3542 lorocelli,
933 3467 983 3539 life.

89 3541 141 3599 VI.
157 3541 340 3618 &jejunam
353 3561 412 3600 aon
418 3545 513 3620 possit
523 3543 657 3602 dormire.
697 3544 734 3602 V.
747 3545 919 3624 Difficultas
927 3565 985 3604 non

89 3631 212 3680 namot.
253 3619 306 3680 VI.
326 3618 644 3700 Infirmitasaacaqm.

73 3737 170 3803 QUAE
184 3737 338 3798 infirmitas
352 3739 495 3818 coporalis
509 3751 634 3801 excusat
648 3739 812 3822 djejunio?

74 3817 97 3874 1.
111 3817 147 3876 R.
166 3818 230 3890 llla,
243 3838 312 3879 cum
328 3837 386 3898 qua
394 3819 540 3898 jejunium
554 3840 613 3880 non
627 3833 727 3900 potest
741 3821 888 3886 observari
902 3823 986 3880 abso-
