2256 4090
541 189 583 232 D!
604 189 700 234 VOTO·

265 409 303 469 r.
330 403 379 470 aa.
418 407 651 471 recturum
678 407 780 469 vom
800 376 979 471 nucrrr'.

56 593 59 604 Δ
149 568 173 628 1.
201 565 304 628 Vooere
321 567 473 647 'pertatem
508 554 634 639 mortula,
661 579 702 627 est
720 577 869 648 potamum
894 567 1018 628 mortale.
1054 567 1089 627 Il.

204 647 278 706 Item
304 665 403 708 ooom
424 657 577 728 peccatam
601 648 720 714 veniale
780 647 836 706 111.
862 647 994 725 obiectio.
1042 649 1088 706 IV.

212 727 316 786 Votum
328 729 363 786 de
375 730 495 786 mario
508 729 614 806 inepto.
653 725 690 785 V.
715 727 850 800 Qualiter
864 725 1036 806 peccetflctt
1047 747 1090 786 oo·

208 825 286 865 voss.
326 805 379 864 Vl.
404 807 495 879 Quem
502 809 622 885 poeaiat
640 805 713 865 Voti.

188 963 407 1031 QUANTUM
421 976 576 1044 peccatum
589 975 636 1024 est
648 983 753 1024 vovere
767 963 834 1024 Deo
847 981 909 1023 rem
920 962 1048 1024 malam?

186 1044 211 1102 1.
234 1044 272 1104 lt.
296 1043 411 1104 Vovere
425 1055 580 1124 peccatum
593 1043 725 1112 mortale,
750 1054 797 1103 est
809 1053 964 1122 peccatum
978 1043 1092 1102 mortale

147 1135 249 1184 centra
260 1123 462 1202 Religionem3
476 1123 603 1202 insuper,
618 1121 643 1182 si
656 1122 733 1183 adsit
740 1123 873 1182 voluntas
884 1121 1033 1200 implendi,
1047 1123 1094 1181 ad·

143 1201 276 1284 jungitur
290 1202 536 1341 minda-peccatum
551 1201 674 1262 mortale
688 1201 772 1260 istius
786 1201 905 1282 speciei,
929 1201 959 1259 iu
974 1221 1032 1280 qua
1050 1221 1092 1261 res

148 1281 198 1341 illa
211 1281 318 1342 dicitur
331 1301 361 1340 m
390 1301 416 1340 a.

186 1361 229 1420 11.
253 1361 368 1421 Vovere
382 1373 536 1440 peceatum
551 1360 672 1431 veniale,
691 1357 869 1440 probabilids
879 1363 966 1439 juxta
982 1359 1095 1428 Suarez,

147 1439 197 1500 Wi
219 1458 294 1520 gers,
309 1441 374 1500 Van
389 1439 465 1521 Roy,
480 1441 569 1500 etiam
580 1441 712 1501 continet
724 1451 879 1520 peccatum
893 1439 1018 1499 mortale
1032 1459 1095 1498 cou-

149 1529 195 1579 tra
235 1519 408 1599 eligionem:
422 1520 497 1580 ratio
507 1532 562 1590 est,
574 1519 653 1600 quod
662 1520 726 1580 haec
735 1531 806 1580 vota
817 1519 987 1578 contineant
999 1537 1097 1596 quam-

149 1599 216 1659 dam
234 1599 465 1680 superstitiosam
479 1599 642 1662 irrisionem
656 1599 724 1669 Dei,
740 1597 954 1676 autaliquando
964 1597 1098 1676 blasphe-

149 1678 247 1748 miam,
273 1679 342 1738 dum
357 1679 501 1760 quispiam
514 1679 577 1738 vult
590 1679 690 1738 Deum
702 1679 844 1738 honorare
858 1695 913 1757 per
925 1677 1007 1748 illud,
1024 1677 1098 1756 quod

149 1757 247 1818 eidem
261 1758 416 1819 convenire
430 1777 489 1818 nou
503 1769 610 1858 potest.

187 1836 280 1898 Notat
292 1837 337 1897 La
347 1837 447 1907 Croix,
462 1837 542 1916 quod
555 1837 698 1918 ejusmodi
711 1848 779 1896 vota
793 1837 823 1894 in
836 1836 920 1896 malis
935 1835 1038 1916 potiris
1052 1835 1100 1894 de·

149 1917 240 1976 beant
253 1916 366 1976 censeri
380 1936 445 1977 esse
454 1920 631 1996 juramenta
775 1925 779 1934 '

187 1994 244 2053 111.
268 1995 337 2074 Obj.
359 1995 519 2056 Peccatum
532 1995 646 2056 veniale
660 2007 706 2056 est
718 1994 842 2055 materia
851 1994 942 2064 levis;
965 2011 1039 2074 ergo
1053 2013 1103 2053 ro-

151 2083 214 2134 tum
228 2075 265 2134 de
280 2074 329 2134 illo
344 2086 390 2134 est
402 2075 467 2134 leve
481 2087 646 2154 peccatum.

188 2153 225 2213 R.
248 2153 326 2213 nist.
344 2165 404 2213 ant
418 2166 573 2234 peccatum
585 2153 700 2214 veniale
714 2166 760 2214 est
772 2151 895 2213 materia
906 2151 980 2212 levis
995 2171 1105 2212 secun·

149 2232 220 2292 dum
235 2253 275 2302 se,
300 2232 430 2294 concedo
443 2245 502 2294 ant.
516 2245 671 2326 peccatum
684 2233 807 2302 veniale,
826 2243 860 2292 ut
873 2231 1059 2292 offerendum
1074 2232 1102 2288 in

148 2311 207 2372 Dei
221 2312 342 2382 cultum,
366 2324 412 2372 est
424 2325 547 2373 matema
559 2313 641 2383 levis,
656 2331 732 2392 nego
746 2323 806 2372 ant
828 2311 914 2372 sicuti
928 2321 1018 2390 grave
1034 2329 1106 2390 pec·

149 2403 248 2452 catum
267 2391 398 2452 continet
415 2395 442 2450 a
460 2391 680 2473 blasphemiam,
700 2411 839 2461 asserere,
852 2389 1110 2472 ,quddpeccatum‘

148 2471 263 2534 reniale
278 2471 317 2532 sit
330 2472 398 2532 Deo
411 2483 537 2550 gratum.
1109 2475 1110 2516 l

188 2550 241 2608 IV.
266 2551 352 2611 Circa
365 2562 466 2610 votum
481 2551 518 2611 de
532 2549 792 2622 actuindillerenti
814 2547 931 2610 videtur
952 2549 1034 2608 idem
1062 2549 1107 2607 di·

153 2630 288 2690 cendum.
732 2631 734 2638 ’
1109 2633 1110 2638 ’

186 2709 360 2772 Generatim
374 2709 510 2770 emittere
522 2721 624 2770 votum
639 2711 676 2770 de
690 2709 813 2769 materia
826 2708 927 2790 inepta
944 2706 1006 2766 sive
1022 2705 1110 2786 inca-¹

149 2787 215 2871 paci
229 2789 298 2859 voti,
313 2790 351 2848 de
365 2809 422 2870 qua
435 2791 563 2850 numeris
578 2788 820 2884 praecedentibus,
830 2799 882 2848 'est
895 2797 1057 2866 peccatum
1074 2787 1110 2845 ut

67 2881 75 2910 t
150 2867 246 2928 minus
259 2867 382 2938 veniale,
420 2881 519 2949 ropter
532 2869 700 2929 volrtionem
714 2867 811 2928 cultlrs
825 2887 883 2926 non
897 2865 1110 2927 convenientis

150 2947 177 3005 a
189 2947 273 3086 quasi
287 2889 491 3028 superstitiosi.
800 2961 817 2974 '⁴
1058 2945 1059 2950 ’

212 3027 368 3116 upponitur
391 3025 421 3086 in
443 3025 678 3108 responsionibus
700 3025 865 3108 premissis,
889 3019 969 3104 quid
988 3025 1110 3084 vovens

149 3103 232 3176 sciat,
256 3107 408 3167 materiam
423 3107 468 3166 sui
489 3107 550 3168 voti
572 3127 636 3167 esse
650 3107 779 3186 ineptam
802 3105 1058 3184 &incongruam
1086 3103 1110 3164 si

147 3185 226 3246 enim
240 3206 308 3246 cum
321 3186 468 3248 bonafide
489 3185 537 3246 vel
551 3207 589 3247 ex
603 3187 767 3266 ignorantia
789 3195 876 3266 putet
888 3195 988 3246 votum
1006 3195 1110 3242 'suum

148 3265 214 3326 esse
228 3265 265 3325 de
279 3265 392 3326 meliori
405 3267 490 3336 bono,
505 3277 627 3326 eatenus
641 3266 659 3325 i
672 3276 795 3346 peccato
808 3263 944 3326 excusari
957 3263 1090 3342 poterit.

187 3341 224 3402 V.
245 3345 379 3411 Qualiter
419 3357 504 3406 accat
521 3365 629 3406 vovens
649 3345 728 3416 ficte,
747 3345 858 3424 absque
872 3342 1037 3424 intentione
1055 3363 1110 3424 vos

148 3419 297 3484 vendiv'el
311 3443 343 3484 se
362 3365 534 3504 obligandi?
761 3497 765 3506 μ
875 3447 877 3451 ·
898 3423 905 3438 “’
979 3439 985 3450 ”
1011 3421 1014 3428 ’
1109 3425 1110 3448 l

188 3501 226 3561 ll.
248 3503 323 3562 Cum
337 3504 394 3563 iste
408 3523 466 3563 non
479 3504 569 3564 faciat
581 3523 684 3564 verum
695 3513 795 3564 votum
812 3505 899 3581 juxta
920 3501 1000 3562 dicta
1019 3521 1110 3562 num

147 3583 185 3640 76
200 3587 225 3640 u
239 3585 287 3642 ⁷7.
306 3583 356 3642 illa
368 3582 449 3657 fictio
462 3603 520 3642 non
533 3583 654 3676 respicit
668 3583 785 3650 Deum
805 3601 863 3640 non
878 3581 957 3642 enim
970 3581 1110 3640 intendit

148 3660 248 3722 Deum
269 3661 415 3741 decipere,
438 3662 491 3721 sed
511 3663 664 3722 hommes:
685 3661 753 3720 hinc
771 3661 908 3739 peccabit
922 3659 1110 3740 quandoque

121 3748 126 3757 ’
147 3741 308 3810 venialiter,
323 3739 498 3820 quandoque
510 3740 680 3808 mortaliter,
695 3738 856 3798 secundrlm
869 3739 949 3818 qudd
959 3740 1110 3829 deceptio

145 3822 268 3906 ejusque
283 3819 510 3904 circumstantiae
524 3829 593 3878 sunt
606 3819 694 3888 leves,
708 3814 755 3876 vel
764 3837 885 3896 gravem
906 3818 1110 3880 fictelacrens
