<?xml version="1.0" encoding="UTF-8"?>
<!DOCTYPE html PUBLIC "-//W3C//DTD XHTML 1.0 Transitional//EN"
    "http://www.w3.org/TR/xhtml1/DTD/xhtml1-transitional.dtd">
<html xmlns="http://www.w3.org/1999/xhtml" xml:lang="en" lang="en">
 <head>
  <title>
</title>
<meta http-equiv="Content-Type" content="text/html;charset=utf-8" />
  <meta name='ocr-system' content='tesseract 3.04.00' />
  <meta name='ocr-capabilities' content='ocr_page ocr_carea ocr_par ocr_line ocrx_word'/>
</head>
<body>
  <div class='ocr_page' id='page_1' title='image "./theologiamorali04densgoog_0212.png"; bbox 0 0 2246 4096; ppageno 0'>
   <div class='ocr_carea' id='block_1_1' title="bbox 351 197 979 264">
    <p class='ocr_par' dir='ltr' id='par_1_1' title="bbox 351 197 979 264">
     <span class='ocr_line' id='line_1_1' title="bbox 351 197 979 264; baseline -0.002 -7"><span class='ocrx_word' id='word_1_1' title='bbox 351 213 394 258; x_wconf 80' lang='lat' dir='ltr'>or</span> <span class='ocrx_word' id='word_1_2' title='bbox 413 213 621 260; x_wconf 76' lang='lat' dir='ltr'>rnanueuro.</span> <span class='ocrx_word' id='word_1_3' title='bbox 921 197 979 264; x_wconf 73' lang='lat'>2⁰1</span> 
     </span>
    </p>
   </div>
   <div class='ocr_carea' id='block_1_2' title="bbox 32 355 982 598">
    <p class='ocr_par' dir='ltr' id='par_1_2' title="bbox 32 355 982 598">
     <span class='ocr_line' id='line_1_2' title="bbox 32 355 982 438; baseline -0.002 -16"><span class='ocrx_word' id='word_1_4' title='bbox 32 355 97 422; x_wconf 88' lang='lat' dir='ltr'>tatis</span> <span class='ocrx_word' id='word_1_5' title='bbox 106 377 166 418; x_wconf 79' lang='lat' dir='ltr'>sua</span> <span class='ocrx_word' id='word_1_6' title='bbox 180 355 303 438; x_wconf 78' lang='lat' dir='ltr'>iniqua3</span> <span class='ocrx_word' id='word_1_7' title='bbox 317 361 342 418; x_wconf 73' lang='lat' dir='ltr'>dc</span> <span class='ocrx_word' id='word_1_8' title='bbox 354 357 423 438; x_wconf 89' lang='lat' dir='ltr'>quia</span> <span class='ocrx_word' id='word_1_9' title='bbox 435 358 466 418; x_wconf 90' lang='lat' dir='ltr'>iu</span> <span class='ocrx_word' id='word_1_10' title='bbox 486 355 538 420; x_wconf 83' lang='lat' dir='ltr'>tali</span> <span class='ocrx_word' id='word_1_11' title='bbox 547 359 716 436; x_wconf 84' lang='lat' dir='ltr'>juramento</span> <span class='ocrx_word' id='word_1_12' title='bbox 730 355 919 425; x_wconf 73' lang='lat' dir='ltr'>consecutive</span> <span class='ocrx_word' id='word_1_13' title='bbox 936 359 982 420; x_wconf 85' lang='lat' dir='ltr'>i&#39;n·</span> 
     </span>
     <span class='ocr_line' id='line_1_3' title="bbox 32 435 982 576; baseline 0 -78"><span class='ocrx_word' id='word_1_14' title='bbox 32 437 303 576; x_wconf 58' lang='lat' dir='ltr'>cluditulrictiipgectus</span> <span class='ocrx_word' id='word_1_15' title='bbox 324 437 440 498; x_wconf 84' lang='lat' dir='ltr'>comitis</span> <span class='ocrx_word' id='word_1_16' title='bbox 452 435 594 506; x_wconf 82' lang='lat' dir='ltr'>veritatis,</span> <span class='ocrx_word' id='word_1_17' title='bbox 608 435 677 498; x_wconf 82' lang='lat' dir='ltr'>edm</span> <span class='ocrx_word' id='word_1_18' title='bbox 695 455 843 516; x_wconf 85' lang='lat' dir='ltr'>nunquam</span> <span class='ocrx_word' id='word_1_19' title='bbox 863 435 982 526; x_wconf 18' lang='lat' dir='ltr'>&#39;impleri</span> 
     </span>
     <span class='ocr_line' id='line_1_4' title="bbox 33 527 225 598; baseline -0.021 -18"><span class='ocrx_word' id='word_1_20' title='bbox 33 527 122 598; x_wconf 78' lang='lat' dir='ltr'>possa</span> <span class='ocrx_word' id='word_1_21' title='bbox 217 557 225 586; x_wconf 93' lang='lat'>‚</span> 
     </span>
    </p>
   </div>
   <div class='ocr_carea' id='block_1_3' title="bbox 67 571 1115 674">
    <p class='ocr_par' dir='ltr' id='par_1_3' title="bbox 67 571 1115 674">
     <span class='ocr_line' id='line_1_5' title="bbox 67 571 1115 674; baseline 0.003 -18"><span class='ocrx_word' id='word_1_22' title='bbox 67 597 123 656; x_wconf 92' lang='lat'>111.</span> <span class='ocrx_word' id='word_1_23' title='bbox 145 597 195 654; x_wconf 90' lang='lat' dir='ltr'>An</span> <span class='ocrx_word' id='word_1_24' title='bbox 213 583 412 674; x_wconf 85' lang='lat' dir='ltr'>juramentum</span> <span class='ocrx_word' id='word_1_25' title='bbox 434 596 471 658; x_wconf 92' lang='lat' dir='ltr'>de</span> <span class='ocrx_word' id='word_1_26' title='bbox 495 593 706 658; x_wconf 88' lang='lat' dir='ltr'>committendo</span> <span class='ocrx_word' id='word_1_27' title='bbox 727 583 834 654; x_wconf 83' lang='lat' dir='ltr'>veniali</span> <span class='ocrx_word' id='word_1_28' title='bbox 858 601 982 674; x_wconf 86' lang='lat' dir='ltr'>peocato</span> <span class='ocrx_word' id='word_1_29' title='bbox 1013 571 1015 586; x_wconf 43' lang='grc' dir='ltr'>Ι</span> <span class='ocrx_word' id='word_1_30' title='bbox 1114 575 1115 586; x_wconf 27' lang='lat'>¹</span> 
     </span>
    </p>
   </div>
   <div class='ocr_carea' id='block_1_4' title="bbox 32 671 1029 1310">
    <p class='ocr_par' dir='ltr' id='par_1_4' title="bbox 32 671 981 836">
     <span class='ocr_line' id='line_1_6' title="bbox 33 671 981 754; baseline 0.002 -18"><span class='ocrx_word' id='word_1_31' title='bbox 33 677 117 736; x_wconf 87' lang='lat' dir='ltr'>etiam</span> <span class='ocrx_word' id='word_1_32' title='bbox 136 676 456 754; x_wconf 85' lang='lat' dir='ltr'>contineat&#39;peccatum</span> <span class='ocrx_word' id='word_1_33' title='bbox 479 673 602 740; x_wconf 76' lang='lat' dir='ltr'><strong>mortale</strong></span> <span class='ocrx_word' id='word_1_34' title='bbox 620 685 723 736; x_wconf 90' lang='lat' dir='ltr'>contra</span> <span class='ocrx_word' id='word_1_35' title='bbox 743 671 929 754; x_wconf 79' lang='lat' dir='ltr'><strong>Religionem</strong></span> <span class='ocrx_word' id='word_1_36' title='bbox 943 697 981 738; x_wconf 83' lang='lat' dir='ltr'>err</span> 
     </span>
     <span class='ocr_line' id='line_1_7' title="bbox 32 749 899 836; baseline -0.001 -21"><span class='ocrx_word' id='word_1_37' title='bbox 32 755 148 815; x_wconf 89' lang='lat' dir='ltr'>defectu</span> <span class='ocrx_word' id='word_1_38' title='bbox 159 753 282 816; x_wconf 88' lang='lat' dir='ltr'>comites</span> <span class='ocrx_word' id='word_1_39' title='bbox 292 749 440 836; x_wconf 75' lang='lat' dir='ltr'>justitiae?</span> <span class='ocrx_word' id='word_1_40' title='bbox 515 819 518 824; x_wconf 56' lang='grc'>,</span> <span class='ocrx_word' id='word_1_41' title='bbox 895 753 899 760; x_wconf 82' lang='lat'>&#39;</span> 
     </span>
    </p>

    <p class='ocr_par' dir='ltr' id='par_1_5' title="bbox 32 829 1029 1310">
     <span class='ocr_line' id='line_1_8' title="bbox 66 829 983 914; baseline 0.004 -22"><span class='ocrx_word' id='word_1_42' title='bbox 66 834 104 892; x_wconf 87' lang='lat' dir='ltr'>R.</span> <span class='ocrx_word' id='word_1_43' title='bbox 118 855 188 894; x_wconf 86' lang='lat' dir='ltr'>eum</span> <span class='ocrx_word' id='word_1_44' title='bbox 202 833 342 903; x_wconf 87' lang='lat' dir='ltr'>Boudart,</span> <span class='ocrx_word' id='word_1_45' title='bbox 356 831 554 903; x_wconf 82' lang='lat' dir='ltr'>Marchaotio,</span> <span class='ocrx_word' id='word_1_46' title='bbox 564 831 632 892; x_wconf 87' lang='lat' dir='ltr'>Van</span> <span class='ocrx_word' id='word_1_47' title='bbox 653 829 729 914; x_wconf 84' lang='lat' dir='ltr'>Roy,</span> <span class='ocrx_word' id='word_1_48' title='bbox 753 831 917 906; x_wconf 63' lang='lat' dir='ltr'>D&#39;aelmm</span> <span class='ocrx_word' id='word_1_49' title='bbox 930 841 983 898; x_wconf 73' lang='lat' dir='ltr'>do.</span> 
     </span>
     <span class='ocr_line' id='line_1_9' title="bbox 32 911 982 976; baseline 0.002 -3"><span class='ocrx_word' id='word_1_50' title='bbox 32 913 199 973; x_wconf 73' lang='lat' dir='ltr'>affirmative</span> <span class='ocrx_word' id='word_1_51' title='bbox 223 917 260 974; x_wconf 94' lang='lat' dir='ltr'>ob</span> <span class='ocrx_word' id='word_1_52' title='bbox 285 914 402 974; x_wconf 89' lang='lat' dir='ltr'>easdem</span> <span class='ocrx_word' id='word_1_53' title='bbox 429 911 573 974; x_wconf 79' lang='lat' dir='ltr'>rationes:</span> <span class='ocrx_word' id='word_1_54' title='bbox 600 923 794 974; x_wconf 81' lang='lat' dir='ltr'><strong>verumtatem</strong></span> <span class='ocrx_word' id='word_1_55' title='bbox 823 911 930 976; x_wconf 81' lang='lat' dir='ltr'>Suarez</span> <span class='ocrx_word' id='word_1_56' title='bbox 957 921 982 975; x_wconf 77' lang='lat' dir='ltr'>dr</span> 
     </span>
     <span class='ocr_line' id='line_1_10' title="bbox 33 988 983 1072; baseline 0.003 -20"><span class='ocrx_word' id='word_1_57' title='bbox 33 992 149 1072; x_wconf 74' lang='lat' dir='ltr'>Sylvius</span> <span class='ocrx_word' id='word_1_58' title='bbox 164 993 307 1056; x_wconf 79' lang='lat' dir='ltr'>conontur&#39;</span> <span class='ocrx_word' id='word_1_59' title='bbox 319 988 322 992; x_wconf 72' lang='grc'><strong>’</strong></span> <span class='ocrx_word' id='word_1_60' title='bbox 333 992 407 1053; x_wconf 91' lang='lat' dir='ltr'>illud</span> <span class='ocrx_word' id='word_1_61' title='bbox 429 1012 571 1054; x_wconf 87' lang='lat' dir='ltr'>excuasre</span> <span class='ocrx_word' id='word_1_62' title='bbox 595 989 614 1051; x_wconf 77' lang='lat' dir='ltr'>d</span> <span class='ocrx_word' id='word_1_63' title='bbox 636 993 760 1062; x_wconf 76' lang='lat' dir='ltr'>mortali,</span> <span class='ocrx_word' id='word_1_64' title='bbox 775 991 832 1052; x_wconf 84' lang='lat' dir='ltr'>sed&#39;</span> <span class='ocrx_word' id='word_1_65' title='bbox 850 994 882 1052; x_wconf 89' lang='lat' dir='ltr'>hi</span> <span class='ocrx_word' id='word_1_66' title='bbox 908 1015 983 1056; x_wconf 79' lang='lat' dir='ltr'>vam</span> 
     </span>
     <span class='ocr_line' id='line_1_11' title="bbox 33 1071 984 1152; baseline 0.002 -20"><span class='ocrx_word' id='word_1_67' title='bbox 33 1073 129 1132; x_wconf 90' lang='lat' dir='ltr'>labore</span> <span class='ocrx_word' id='word_1_68' title='bbox 153 1093 187 1134; x_wconf 90' lang='lat' dir='ltr'>se</span> <span class='ocrx_word' id='word_1_69' title='bbox 209 1073 343 1152; x_wconf 85' lang='lat' dir='ltr'>fatigant,</span> <span class='ocrx_word' id='word_1_70' title='bbox 373 1083 408 1132; x_wconf 88' lang='lat' dir='ltr'>ut</span> <span class='ocrx_word' id='word_1_71' title='bbox 428 1073 502 1135; x_wconf 91' lang='lat' dir='ltr'>dent</span> <span class='ocrx_word' id='word_1_72' title='bbox 531 1071 732 1152; x_wconf 77' lang='lat' dir='ltr'>disparitatem</span> <span class='ocrx_word' id='word_1_73' title='bbox 763 1071 984 1152; x_wconf 73' lang='lat' dir='ltr'>apraecedenti</span> 
     </span>
     <span class='ocr_line' id='line_1_12' title="bbox 32 1151 982 1234; baseline 0.005 -22"><span class='ocrx_word' id='word_1_74' title='bbox 32 1171 106 1221; x_wconf 84' lang='lat' dir='ltr'>casu,</span> <span class='ocrx_word' id='word_1_75' title='bbox 122 1153 155 1212; x_wconf 90' lang='lat' dir='ltr'>in</span> <span class='ocrx_word' id='word_1_76' title='bbox 165 1173 223 1232; x_wconf 94' lang='lat' dir='ltr'>quo</span> <span class='ocrx_word' id='word_1_77' title='bbox 229 1156 346 1232; x_wconf 91' lang='lat' dir='ltr'>juratur</span> <span class='ocrx_word' id='word_1_78' title='bbox 355 1152 496 1221; x_wconf 80' lang='lat' dir='ltr'>mortale3</span> <span class='ocrx_word' id='word_1_79' title='bbox 509 1171 577 1212; x_wconf 83' lang='lat' dir='ltr'>nam</span> <span class='ocrx_word' id='word_1_80' title='bbox 587 1151 700 1212; x_wconf 85' lang='lat' dir='ltr'>eaedem</span> <span class='ocrx_word' id='word_1_81' title='bbox 709 1151 838 1216; x_wconf 89' lang='lat' dir='ltr'>rationes</span> <span class='ocrx_word' id='word_1_82' title='bbox 846 1153 982 1234; x_wconf 81' lang='lat' dir='ltr'>militant,</span> 
     </span>
     <span class='ocr_line' id='line_1_13' title="bbox 33 1231 1029 1310; baseline 0.002 -18"><span class='ocrx_word' id='word_1_83' title='bbox 33 1232 107 1310; x_wconf 85' lang='lat' dir='ltr'>qudd</span> <span class='ocrx_word' id='word_1_84' title='bbox 122 1233 209 1292; x_wconf 89' lang='lat' dir='ltr'>Deus</span> <span class='ocrx_word' id='word_1_85' title='bbox 223 1233 385 1302; x_wconf 81' lang='lat' dir='ltr'><strong>adducatur</strong></span> <span class='ocrx_word' id='word_1_86' title='bbox 399 1231 587 1294; x_wconf 85' lang='lat' dir='ltr'>confirmatur</span> <span class='ocrx_word' id='word_1_87' title='bbox 597 1231 685 1304; x_wconf 63' lang='lat' dir='ltr'>malae,</span> <span class='ocrx_word' id='word_1_88' title='bbox 694 1231 862 1306; x_wconf 76' lang='lat' dir='ltr'>voluntatis,</span> <span class='ocrx_word' id='word_1_89' title='bbox 877 1239 930 1310; x_wconf 66' lang='lat' dir='ltr'>ke.</span> <span class='ocrx_word' id='word_1_90' title='bbox 1026 1275 1029 1280; x_wconf 85' lang='lat'>.</span> 
     </span>
    </p>
   </div>
   <div class='ocr_carea' id='block_1_5' title="bbox 67 1309 1083 1394">
    <p class='ocr_par' dir='ltr' id='par_1_6' title="bbox 67 1309 1083 1394">
     <span class='ocr_line' id='line_1_14' title="bbox 67 1309 1083 1394; baseline 0.003 -25"><span class='ocrx_word' id='word_1_91' title='bbox 67 1311 154 1372; x_wconf 86' lang='lat' dir='ltr'>Hinc</span> <span class='ocrx_word' id='word_1_92' title='bbox 167 1311 322 1384; x_wconf 55' lang='lat' dir='ltr'>conclude,</span> <span class='ocrx_word' id='word_1_93' title='bbox 332 1309 413 1391; x_wconf 84' lang='lat' dir='ltr'>qudd</span> <span class='ocrx_word' id='word_1_94' title='bbox 422 1311 447 1371; x_wconf 86' lang='lat' dir='ltr'>is</span> <span class='ocrx_word' id='word_1_95' title='bbox 459 1309 604 1394; x_wconf 73' lang='lat' dir='ltr'>quijurat,</span> <span class='ocrx_word' id='word_1_96' title='bbox 620 1327 652 1370; x_wconf 86' lang='lat' dir='ltr'>se</span> <span class='ocrx_word' id='word_1_97' title='bbox 665 1311 859 1370; x_wconf 89' lang='lat' dir='ltr'>mentiturum</span> <span class='ocrx_word' id='word_1_98' title='bbox 867 1315 981 1392; x_wconf 71' lang='lat' dir='ltr'>Jooose,</span> <span class='ocrx_word' id='word_1_99' title='bbox 1078 1334 1083 1345; x_wconf 62' lang='lat'><strong><em>¹</em></strong></span> 
     </span>
    </p>
   </div>
   <div class='ocr_carea' id='block_1_6' title="bbox 31 1389 1109 2106">
    <p class='ocr_par' dir='ltr' id='par_1_7' title="bbox 31 1389 1109 2106">
     <span class='ocr_line' id='line_1_15' title="bbox 33 1389 1028 1482; baseline 0.007 -33"><span class='ocrx_word' id='word_1_100' title='bbox 33 1402 139 1482; x_wconf 81' lang='lat' dir='ltr'>pepoet</span> <span class='ocrx_word' id='word_1_101' title='bbox 151 1391 313 1452; x_wconf 81' lang='lat' dir='ltr'>mortaliter</span> <span class='ocrx_word' id='word_1_102' title='bbox 327 1403 430 1464; x_wconf 83' lang='lat' dir='ltr'>eontra</span> <span class='ocrx_word' id='word_1_103' title='bbox 445 1389 635 1470; x_wconf 42' lang='lat' dir='ltr'>‚Religionem</span> <span class='ocrx_word' id='word_1_104' title='bbox 652 1389 774 1452; x_wconf 79' lang='lat' dir='ltr'>defectu</span> <span class='ocrx_word' id='word_1_105' title='bbox 795 1392 911 1454; x_wconf 85' lang='lat' dir='ltr'>comitis</span> <span class='ocrx_word' id='word_1_106' title='bbox 918 1397 982 1474; x_wconf 78' lang='lat' dir='ltr'>jus-</span> <span class='ocrx_word' id='word_1_107' title='bbox 1017 1447 1028 1456; x_wconf 80' lang='grc'>.,</span> 
     </span>
     <span class='ocr_line' id='line_1_16' title="bbox 33 1481 695 1530; baseline 0.006 -2"><span class='ocrx_word' id='word_1_108' title='bbox 33 1481 111 1530; x_wconf 69' lang='lat' dir='ltr'>tillae.</span> <span class='ocrx_word' id='word_1_109' title='bbox 292 1499 294 1504; x_wconf 93' lang='lat'>·</span> <span class='ocrx_word' id='word_1_110' title='bbox 670 1495 671 1500; x_wconf 75' lang='grc'>’</span> <span class='ocrx_word' id='word_1_111' title='bbox 692 1493 695 1500; x_wconf 92' lang='grc'><strong><em>’</em></strong></span> 
     </span>
     <span class='ocr_line' id='line_1_17' title="bbox 65 1535 1071 1643; baseline 0.006 -35"><span class='ocrx_word' id='word_1_112' title='bbox 65 1551 124 1610; x_wconf 91' lang='lat' dir='ltr'>IV.</span> <span class='ocrx_word' id='word_1_113' title='bbox 144 1549 224 1610; x_wconf 87' lang='lat' dir='ltr'>Nota</span> <span class='ocrx_word' id='word_1_114' title='bbox 233 1551 321 1621; x_wconf 86' lang='lat' dir='ltr'>bene,</span> <span class='ocrx_word' id='word_1_115' title='bbox 342 1535 423 1630; x_wconf 64' lang='lat' dir='ltr'>dudd</span> <span class='ocrx_word' id='word_1_116' title='bbox 439 1549 549 1643; x_wconf 82' lang='lat' dir='ltr'>duplex</span> <span class='ocrx_word' id='word_1_117' title='bbox 562 1559 721 1628; x_wconf 88' lang='lat' dir='ltr'>peceatum</span> <span class='ocrx_word' id='word_1_118' title='bbox 734 1551 909 1624; x_wconf 76' lang='lat' dir='ltr'>committet,</span> <span class='ocrx_word' id='word_1_119' title='bbox 933 1553 983 1633; x_wconf 88' lang='lat' dir='ltr'>qui</span> <span class='ocrx_word' id='word_1_120' title='bbox 1069 1558 1071 1562; x_wconf 83' lang='grc'><strong>’</strong></span> 
     </span>
     <span class='ocr_line' id='line_1_18' title="bbox 32 1627 1109 1711; baseline 0.008 -23"><span class='ocrx_word' id='word_1_121' title='bbox 32 1627 100 1688; x_wconf 81' lang='lat' dir='ltr'>tacit</span> <span class='ocrx_word' id='word_1_122' title='bbox 110 1633 313 1708; x_wconf 89' lang='lat' dir='ltr'>juramentum</span> <span class='ocrx_word' id='word_1_123' title='bbox 326 1629 545 1710; x_wconf 77' lang='lat' dir='ltr'>promissorium</span> <span class='ocrx_word' id='word_1_124' title='bbox 559 1629 597 1688; x_wconf 92' lang='lat' dir='ltr'>de</span> <span class='ocrx_word' id='word_1_125' title='bbox 621 1628 831 1689; x_wconf 85' lang='lat' dir='ltr'>committendo</span> <span class='ocrx_word' id='word_1_126' title='bbox 850 1646 983 1711; x_wconf 86' lang='lat' dir='ltr'>peooato,</span> <span class='ocrx_word' id='word_1_127' title='bbox 1106 1640 1109 1648; x_wconf 85' lang='lat'>&#39;</span> 
     </span>
     <span class='ocr_line' id='line_1_19' title="bbox 31 1707 985 1796; baseline 0.006 -30"><span class='ocrx_word' id='word_1_128' title='bbox 31 1708 172 1774; x_wconf 81' lang='lat' dir='ltr'>videlieet</span> <span class='ocrx_word' id='word_1_129' title='bbox 184 1730 273 1774; x_wconf 89' lang='lat' dir='ltr'>unum</span> <span class='ocrx_word' id='word_1_130' title='bbox 286 1721 389 1774; x_wconf 81' lang='lat' dir='ltr'>eontm</span> <span class='ocrx_word' id='word_1_131' title='bbox 403 1709 590 1788; x_wconf 81' lang='lat' dir='ltr'>Religionem</span> <span class='ocrx_word' id='word_1_132' title='bbox 600 1710 637 1768; x_wconf 92' lang='lat' dir='ltr'>ob</span> <span class='ocrx_word' id='word_1_133' title='bbox 648 1707 802 1782; x_wconf 83' lang='lat' dir='ltr'>defectum</span> <span class='ocrx_word' id='word_1_134' title='bbox 813 1711 928 1772; x_wconf 82' lang='lat' dir='ltr'>comitis</span> <span class='ocrx_word' id='word_1_135' title='bbox 936 1717 985 1796; x_wconf 84' lang='lat' dir='ltr'>ju·</span> 
     </span>
     <span class='ocr_line' id='line_1_20' title="bbox 32 1788 985 1868; baseline 0.008 -24"><span class='ocrx_word' id='word_1_136' title='bbox 32 1788 168 1858; x_wconf 90' lang='lat' dir='ltr'>ramenti,</span> <span class='ocrx_word' id='word_1_137' title='bbox 188 1789 268 1848; x_wconf 89' lang='lat' dir='ltr'>aliud</span> <span class='ocrx_word' id='word_1_138' title='bbox 291 1800 394 1856; x_wconf 83' lang='lat' dir='ltr'>eontra</span> <span class='ocrx_word' id='word_1_139' title='bbox 413 1789 561 1858; x_wconf 84' lang='lat' dir='ltr'>virtutem,</span> <span class='ocrx_word' id='word_1_140' title='bbox 583 1788 631 1848; x_wconf 93' lang='lat' dir='ltr'>cui</span> <span class='ocrx_word' id='word_1_141' title='bbox 652 1799 799 1866; x_wconf 85' lang='lat' dir='ltr'>repugnat</span> <span class='ocrx_word' id='word_1_142' title='bbox 817 1803 985 1868; x_wconf 73' lang='lat' dir='ltr'>peecatum.</span> 
     </span>
     <span class='ocr_line' id='line_1_21' title="bbox 33 1867 985 1946; baseline 0.003 -19"><span class='ocrx_word' id='word_1_143' title='bbox 33 1869 110 1946; x_wconf 88' lang='lat' dir='ltr'>quod</span> <span class='ocrx_word' id='word_1_144' title='bbox 114 1871 206 1946; x_wconf 75' lang='lat' dir='ltr'>jurat,</span> <span class='ocrx_word' id='word_1_145' title='bbox 216 1867 240 1928; x_wconf 89' lang='lat' dir='ltr'>si</span> <span class='ocrx_word' id='word_1_146' title='bbox 249 1869 359 1931; x_wconf 85' lang='lat' dir='ltr'>habeat</span> <span class='ocrx_word' id='word_1_147' title='bbox 369 1868 551 1930; x_wconf 85' lang='lat' dir='ltr'>voluntatem</span> <span class='ocrx_word' id='word_1_148' title='bbox 561 1867 634 1928; x_wconf 91' lang='lat' dir='ltr'>illud</span> <span class='ocrx_word' id='word_1_149' title='bbox 644 1867 832 1946; x_wconf 71' lang='lat' dir='ltr'>perficiendis</span> <span class='ocrx_word' id='word_1_150' title='bbox 853 1870 985 1936; x_wconf 74' lang='lat' dir='ltr'>siautsrn</span> 
     </span>
     <span class='ocr_line' id='line_1_22' title="bbox 32 1947 1036 2030; baseline 0.008 -26"><span class='ocrx_word' id='word_1_151' title='bbox 32 1967 88 2005; x_wconf 89' lang='lat' dir='ltr'>non</span> <span class='ocrx_word' id='word_1_152' title='bbox 103 1947 214 2007; x_wconf 88' lang='lat' dir='ltr'>habeat</span> <span class='ocrx_word' id='word_1_153' title='bbox 226 1947 407 2014; x_wconf 81' lang='lat' dir='ltr'>voluntatem</span> <span class='ocrx_word' id='word_1_154' title='bbox 420 1947 600 2026; x_wconf 86' lang='lat' dir='ltr'>perficiendi,</span> <span class='ocrx_word' id='word_1_155' title='bbox 612 1958 718 2026; x_wconf 84' lang='lat' dir='ltr'>peccat</span> <span class='ocrx_word' id='word_1_156' title='bbox 730 1947 819 2012; x_wconf 88' lang='lat' dir='ltr'>etiam</span> <span class='ocrx_word' id='word_1_157' title='bbox 830 1949 987 2030; x_wconf 84' lang='lat' dir='ltr'>dupliciter</span> <span class='ocrx_word' id='word_1_158' title='bbox 1034 2009 1036 2014; x_wconf 81' lang='grc'>,</span> 
     </span>
     <span class='ocr_line' id='line_1_23' title="bbox 34 2025 986 2106; baseline 0.006 -20"><span class='ocrx_word' id='word_1_159' title='bbox 34 2039 138 2086; x_wconf 82' lang='lat' dir='ltr'>eontra</span> <span class='ocrx_word' id='word_1_160' title='bbox 151 2025 337 2106; x_wconf 80' lang='lat' dir='ltr'>Religionem</span> <span class='ocrx_word' id='word_1_161' title='bbox 349 2029 387 2088; x_wconf 93' lang='lat' dir='ltr'>ob</span> <span class='ocrx_word' id='word_1_162' title='bbox 402 2026 551 2088; x_wconf 86' lang='lat' dir='ltr'>defectum</span> <span class='ocrx_word' id='word_1_163' title='bbox 565 2025 690 2106; x_wconf 69' lang='lat' dir='ltr'>duplicis</span> <span class='ocrx_word' id='word_1_164' title='bbox 704 2027 828 2098; x_wconf 85' lang='lat' dir='ltr'>comitis,</span> <span class='ocrx_word' id='word_1_165' title='bbox 850 2031 986 2098; x_wconf 87' lang='lat' dir='ltr'>nimirum</span> 
     </span>
    </p>
   </div>
   <div class='ocr_carea' id='block_1_7' title="bbox 33 2105 986 2246">
    <p class='ocr_par' dir='ltr' id='par_1_8' title="bbox 33 2105 986 2246">
     <span class='ocr_line' id='line_1_24' title="bbox 33 2105 986 2187; baseline 0.006 -23"><span class='ocrx_word' id='word_1_166' title='bbox 33 2105 171 2180; x_wconf 65' lang='lat' dir='ltr'>ueritatis</span> <span class='ocrx_word' id='word_1_167' title='bbox 184 2106 312 2166; x_wconf 85' lang='lat' dir='ltr'>formalis</span> <span class='ocrx_word' id='word_1_168' title='bbox 333 2111 359 2166; x_wconf 74' lang='lat' dir='ltr'>dr</span> <span class='ocrx_word' id='word_1_169' title='bbox 365 2105 489 2187; x_wconf 78' lang='lat' dir='ltr'>justitiae</span> <span class='ocrx_word' id='word_1_170' title='bbox 501 2129 508 2176; x_wconf 70' lang='grc' dir='ltr'>ς</span> <span class='ocrx_word' id='word_1_171' title='bbox 528 2125 596 2168; x_wconf 86' lang='lat' dir='ltr'>nam</span> <span class='ocrx_word' id='word_1_172' title='bbox 606 2110 687 2186; x_wconf 80' lang='lat' dir='ltr'>jurat</span> <span class='ocrx_word' id='word_1_173' title='bbox 707 2106 868 2174; x_wconf 80' lang='lat' dir='ltr'>formaliter</span> <span class='ocrx_word' id='word_1_174' title='bbox 880 2110 986 2178; x_wconf 86' lang='lat' dir='ltr'>falsum</span> 
     </span>
     <span class='ocr_line' id='line_1_25' title="bbox 35 2185 821 2246; baseline 0.008 -4"><span class='ocrx_word' id='word_1_175' title='bbox 35 2185 164 2244; x_wconf 77' lang='lat' dir='ltr'>&amp;simul</span> <span class='ocrx_word' id='word_1_176' title='bbox 178 2185 321 2246; x_wconf 88' lang='lat' dir='ltr'>illicitum.</span> <span class='ocrx_word' id='word_1_177' title='bbox 615 2197 619 2204; x_wconf 86' lang='lat'>&#39;</span> <span class='ocrx_word' id='word_1_178' title='bbox 743 2191 747 2198; x_wconf 87' lang='grc'><strong>’</strong></span> <span class='ocrx_word' id='word_1_179' title='bbox 794 2193 821 2218; x_wconf 74' lang='grc'>·“</span> 
     </span>
    </p>
   </div>
   <div class='ocr_carea' id='block_1_8' title="bbox 31 2264 1024 3858">
    <p class='ocr_par' dir='ltr' id='par_1_9' title="bbox 34 2264 989 2662">
     <span class='ocr_line' id='line_1_26' title="bbox 69 2264 987 2347; baseline 0.003 -23"><span class='ocrx_word' id='word_1_180' title='bbox 69 2265 109 2324; x_wconf 81' lang='lat' dir='ltr'>Si</span> <span class='ocrx_word' id='word_1_181' title='bbox 123 2264 249 2343; x_wconf 85' lang='lat' dir='ltr'>denique</span> <span class='ocrx_word' id='word_1_182' title='bbox 266 2285 364 2344; x_wconf 85' lang='lat' dir='ltr'>neque</span> <span class='ocrx_word' id='word_1_183' title='bbox 386 2265 567 2329; x_wconf 84' lang='lat' dir='ltr'>voluntatem</span> <span class='ocrx_word' id='word_1_184' title='bbox 586 2265 704 2343; x_wconf 84' lang='lat' dir='ltr'>jurandi</span> <span class='ocrx_word' id='word_1_185' title='bbox 725 2265 868 2339; x_wconf 81' lang='lat' dir='ltr'>habuerit,</span> <span class='ocrx_word' id='word_1_186' title='bbox 883 2289 987 2347; x_wconf 76' lang='lat' dir='ltr'>pecea-</span> 
     </span>
     <span class='ocr_line' id='line_1_27' title="bbox 34 2343 987 2423; baseline 0.006 -19"><span class='ocrx_word' id='word_1_187' title='bbox 34 2343 76 2404; x_wconf 80' lang='lat' dir='ltr'>uit</span> <span class='ocrx_word' id='word_1_188' title='bbox 90 2345 231 2423; x_wconf 86' lang='lat' dir='ltr'>equidem</span> <span class='ocrx_word' id='word_1_189' title='bbox 244 2357 346 2420; x_wconf 81' lang='lat' dir='ltr'>contra</span> <span class='ocrx_word' id='word_1_190' title='bbox 358 2343 554 2406; x_wconf 85' lang='lat' dir='ltr'>reverentiam</span> <span class='ocrx_word' id='word_1_191' title='bbox 565 2343 666 2402; x_wconf 90' lang='lat' dir='ltr'>Divini</span> <span class='ocrx_word' id='word_1_192' title='bbox 678 2345 811 2414; x_wconf 81' lang='lat' dir='ltr'>Nominis</span> <span class='ocrx_word' id='word_1_193' title='bbox 825 2350 987 2410; x_wconf 69' lang='lat' dir='ltr'>seeundum</span> 
     </span>
     <span class='ocr_line' id='line_1_28' title="bbox 35 2423 988 2502; baseline 0.004 -20"><span class='ocrx_word' id='word_1_194' title='bbox 35 2444 156 2492; x_wconf 87' lang='lat' dir='ltr'>omnes;</span> <span class='ocrx_word' id='word_1_195' title='bbox 176 2423 234 2482; x_wconf 82' lang='lat' dir='ltr'>imo</span> <span class='ocrx_word' id='word_1_196' title='bbox 249 2425 334 2484; x_wconf 86' lang='lat' dir='ltr'>siilla</span> <span class='ocrx_word' id='word_1_197' title='bbox 346 2424 480 2492; x_wconf 82' lang='lat' dir='ltr'>voluntas</span> <span class='ocrx_word' id='word_1_198' title='bbox 493 2441 551 2484; x_wconf 90' lang='lat' dir='ltr'>non</span> <span class='ocrx_word' id='word_1_199' title='bbox 561 2423 679 2502; x_wconf 87' lang='lat' dir='ltr'>jurandi</span> <span class='ocrx_word' id='word_1_200' title='bbox 693 2423 732 2483; x_wconf 87' lang='lat' dir='ltr'>sit</span> <span class='ocrx_word' id='word_1_201' title='bbox 740 2425 874 2488; x_wconf 80' lang='lat' dir='ltr'>inefficax</span> <span class='ocrx_word' id='word_1_202' title='bbox 884 2447 988 2490; x_wconf 68' lang='lat' dir='ltr'>securo</span> 
     </span>
     <span class='ocr_line' id='line_1_29' title="bbox 35 2503 989 2582; baseline 0.01 -22"><span class='ocrx_word' id='word_1_203' title='bbox 35 2503 111 2562; x_wconf 80' lang='lat' dir='ltr'>dom</span> <span class='ocrx_word' id='word_1_204' title='bbox 123 2503 302 2581; x_wconf 81' lang='lat' dir='ltr'>probabilem</span> <span class='ocrx_word' id='word_1_205' title='bbox 317 2503 482 2582; x_wconf 90' lang='lat' dir='ltr'>opinionem</span> <span class='ocrx_word' id='word_1_206' title='bbox 503 2523 583 2561; x_wconf 90' lang='lat' dir='ltr'>num.</span> <span class='ocrx_word' id='word_1_207' title='bbox 606 2505 670 2561; x_wconf 81' lang='lat'><strong>157.</strong></span> <span class='ocrx_word' id='word_1_208' title='bbox 691 2515 916 2580; x_wconf 73' lang='lat' dir='ltr'>controversam,</span> <span class='ocrx_word' id='word_1_209' title='bbox 930 2529 989 2576; x_wconf 86' lang='lat' dir='ltr'>non</span> 
     </span>
     <span class='ocr_line' id='line_1_30' title="bbox 36 2581 950 2662; baseline -0.008 -14"><span class='ocrx_word' id='word_1_210' title='bbox 36 2582 229 2648; x_wconf 69' lang='lat' dir='ltr'>exornabitur</span> <span class='ocrx_word' id='word_1_211' title='bbox 250 2595 407 2662; x_wconf 86' lang='lat' dir='ltr'>propterea</span> <span class='ocrx_word' id='word_1_212' title='bbox 419 2583 456 2642; x_wconf 92' lang='lat' dir='ltr'>ab</span> <span class='ocrx_word' id='word_1_213' title='bbox 470 2581 534 2642; x_wconf 86' lang='lat' dir='ltr'>aliis</span> <span class='ocrx_word' id='word_1_214' title='bbox 547 2582 678 2662; x_wconf 82' lang='lat' dir='ltr'>peccatis</span> <span class='ocrx_word' id='word_1_215' title='bbox 696 2583 833 2660; x_wconf 84' lang='lat' dir='ltr'>praefatis.</span> <span class='ocrx_word' id='word_1_216' title='bbox 947 2651 950 2656; x_wconf 27' lang='lat'>¹</span> 
     </span>
    </p>

    <p class='ocr_par' dir='ltr' id='par_1_10' title="bbox 31 2659 1016 3377">
     <span class='ocr_line' id='line_1_31' title="bbox 76 2659 991 2754; baseline 0.009 -34"><span class='ocrx_word' id='word_1_217' title='bbox 76 2662 115 2720; x_wconf 89' lang='lat' dir='ltr'>V.</span> <span class='ocrx_word' id='word_1_218' title='bbox 135 2663 185 2722; x_wconf 92' lang='lat' dir='ltr'>An</span> <span class='ocrx_word' id='word_1_219' title='bbox 202 2665 401 2754; x_wconf 85' lang='lat' dir='ltr'>juramentum</span> <span class='ocrx_word' id='word_1_220' title='bbox 425 2659 643 2740; x_wconf 87' lang='lat' dir='ltr'>promissorium</span> <span class='ocrx_word' id='word_1_221' title='bbox 666 2661 704 2720; x_wconf 89' lang='lat' dir='ltr'>de</span> <span class='ocrx_word' id='word_1_222' title='bbox 725 2674 794 2722; x_wconf 90' lang='lat' dir='ltr'>actu</span> <span class='ocrx_word' id='word_1_223' title='bbox 812 2663 991 2734; x_wconf 86' lang='lat' dir='ltr'>indifferenti</span> 
     </span>
     <span class='ocr_line' id='line_1_32' title="bbox 37 2740 990 2821; baseline 0.005 -22"><span class='ocrx_word' id='word_1_224' title='bbox 37 2742 85 2800; x_wconf 83' lang='lat' dir='ltr'>rel</span> <span class='ocrx_word' id='word_1_225' title='bbox 101 2742 137 2800; x_wconf 91' lang='lat' dir='ltr'>de</span> <span class='ocrx_word' id='word_1_226' title='bbox 152 2741 307 2820; x_wconf 81' lang='lat' dir='ltr'>omissione</span> <span class='ocrx_word' id='word_1_227' title='bbox 327 2740 423 2821; x_wconf 88' lang='lat' dir='ltr'>operis</span> <span class='ocrx_word' id='word_1_228' title='bbox 443 2740 696 2820; x_wconf 85' lang='lat' dir='ltr'>supererogatorii,</span> <span class='ocrx_word' id='word_1_229' title='bbox 720 2743 767 2804; x_wconf 85' lang='lat' dir='ltr'>vel</span> <span class='ocrx_word' id='word_1_230' title='bbox 778 2742 816 2802; x_wconf 92' lang='lat' dir='ltr'>de</span> <span class='ocrx_word' id='word_1_231' title='bbox 830 2743 990 2808; x_wconf 78' lang='lat' dir='ltr'>similima-</span> 
     </span>
     <span class='ocr_line' id='line_1_33' title="bbox 39 2820 992 2900; baseline 0.002 -20"><span class='ocrx_word' id='word_1_232' title='bbox 39 2821 114 2880; x_wconf 88' lang='lat' dir='ltr'>teria</span> <span class='ocrx_word' id='word_1_233' title='bbox 128 2821 268 2899; x_wconf 84' lang='lat' dir='ltr'>ineapaci,</span> <span class='ocrx_word' id='word_1_234' title='bbox 292 2822 329 2880; x_wconf 93' lang='lat' dir='ltr'>de</span> <span class='ocrx_word' id='word_1_235' title='bbox 357 2821 462 2900; x_wconf 87' lang='lat' dir='ltr'>quibus</span> <span class='ocrx_word' id='word_1_236' title='bbox 475 2831 574 2890; x_wconf 86' lang='lat' dir='ltr'>aetum</span> <span class='ocrx_word' id='word_1_237' title='bbox 594 2831 643 2880; x_wconf 92' lang='lat' dir='ltr'>est</span> <span class='ocrx_word' id='word_1_238' title='bbox 661 2820 750 2879; x_wconf 90' lang='lat' dir='ltr'>Num.</span> <span class='ocrx_word' id='word_1_239' title='bbox 774 2823 839 2882; x_wconf 79' lang='lat'>146.</span> <span class='ocrx_word' id='word_1_240' title='bbox 861 2825 992 2892; x_wconf 75' lang='lat' dir='ltr'>continet</span> 
     </span>
     <span class='ocr_line' id='line_1_34' title="bbox 37 2896 991 2980; baseline 0.007 -21"><span class='ocrx_word' id='word_1_241' title='bbox 37 2913 195 2977; x_wconf 84' lang='lat' dir='ltr'>peccatum</span> <span class='ocrx_word' id='word_1_242' title='bbox 208 2901 329 2962; x_wconf 86' lang='lat' dir='ltr'>mortale</span> <span class='ocrx_word' id='word_1_243' title='bbox 354 2911 456 2972; x_wconf 83' lang='lat' dir='ltr'>contra</span> <span class='ocrx_word' id='word_1_244' title='bbox 479 2899 665 2980; x_wconf 81' lang='lat' dir='ltr'>Religionem</span> <span class='ocrx_word' id='word_1_245' title='bbox 678 2919 720 2964; x_wconf 77' lang='lat' dir='ltr'>ex</span> <span class='ocrx_word' id='word_1_246' title='bbox 744 2896 863 2962; x_wconf 82' lang='lat' dir='ltr'>defectu</span> <span class='ocrx_word' id='word_1_247' title='bbox 877 2905 991 2968; x_wconf 83' lang='lat' dir='ltr'>comitis</span> 
     </span>
     <span class='ocr_line' id='line_1_35' title="bbox 40 2979 182 3040; baseline -0.007 0"><span class='ocrx_word' id='word_1_248' title='bbox 40 2979 182 3040; x_wconf 74' lang='lat' dir='ltr'>‘ustitiaei</span> 
     </span>
     <span class='ocr_line' id='line_1_36' title="bbox 31 3001 991 3128; baseline 0 -10"><span class='ocrx_word' id='word_1_249' title='bbox 31 3001 47 3060; x_wconf 76' lang='lat' dir='ltr'>J</span> <span class='ocrx_word' id='word_1_250' title='bbox 80 3059 118 3118; x_wconf 85' lang='lat' dir='ltr'>R.</span> <span class='ocrx_word' id='word_1_251' title='bbox 130 3057 299 3120; x_wconf 86' lang='lat' dir='ltr'>Communis</span> <span class='ocrx_word' id='word_1_252' title='bbox 309 3057 456 3120; x_wconf 84' lang='lat' dir='ltr'>sententia</span> <span class='ocrx_word' id='word_1_253' title='bbox 466 3058 563 3128; x_wconf 81' lang='lat' dir='ltr'>dooet,</span> <span class='ocrx_word' id='word_1_254' title='bbox 577 3057 651 3122; x_wconf 86' lang='lat' dir='ltr'>illud</span> <span class='ocrx_word' id='word_1_255' title='bbox 664 3057 815 3120; x_wconf 87' lang='lat' dir='ltr'>continere</span> <span class='ocrx_word' id='word_1_256' title='bbox 828 3061 921 3121; x_wconf 89' lang='lat' dir='ltr'>solam</span> <span class='ocrx_word' id='word_1_257' title='bbox 931 3065 991 3126; x_wconf 81' lang='lat' dir='ltr'>cul.</span> 
     </span>
     <span class='ocr_line' id='line_1_37' title="bbox 37 3137 993 3276; baseline 0.004 -80"><span class='ocrx_word' id='word_1_258' title='bbox 37 3158 108 3216; x_wconf 87' lang='lat' dir='ltr'>pam</span> <span class='ocrx_word' id='word_1_259' title='bbox 122 3138 286 3198; x_wconf 81' lang='lat' dir='ltr'>venialem:</span> <span class='ocrx_word' id='word_1_260' title='bbox 302 3139 369 3276; x_wconf 69' lang='lat' dir='ltr'>poia</span> <span class='ocrx_word' id='word_1_261' title='bbox 383 3137 467 3198; x_wconf 83' lang='lat' dir='ltr'>Deus</span> <span class='ocrx_word' id='word_1_262' title='bbox 481 3137 595 3198; x_wconf 75' lang='lat' dir='ltr'>directa</span> <span class='ocrx_word' id='word_1_263' title='bbox 609 3156 667 3198; x_wconf 88' lang='lat' dir='ltr'>non</span> <span class='ocrx_word' id='word_1_264' title='bbox 682 3138 870 3202; x_wconf 78' lang='lat' dir='ltr'>constituitur</span> <span class='ocrx_word' id='word_1_265' title='bbox 889 3144 993 3206; x_wconf 69' lang='lat' dir='ltr'>confir.-</span> 
     </span>
     <span class='ocr_line' id='line_1_38' title="bbox 36 3217 1016 3296; baseline 0.001 -18"><span class='ocrx_word' id='word_1_266' title='bbox 36 3230 136 3278; x_wconf 81' lang='lat' dir='ltr'>mator</span> <span class='ocrx_word' id='word_1_267' title='bbox 150 3217 256 3296; x_wconf 89' lang='lat' dir='ltr'>iniquae</span> <span class='ocrx_word' id='word_1_268' title='bbox 269 3238 305 3278; x_wconf 85' lang='lat' dir='ltr'>vo</span> <span class='ocrx_word' id='word_1_269' title='bbox 318 3218 438 3286; x_wconf 72' lang='lat' dir='ltr'>uniatis,</span> <span class='ocrx_word' id='word_1_270' title='bbox 461 3217 529 3276; x_wconf 80' lang='lat' dir='ltr'>crim</span> <span class='ocrx_word' id='word_1_271' title='bbox 543 3228 627 3282; x_wconf 86' lang='lat' dir='ltr'>actus</span> <span class='ocrx_word' id='word_1_272' title='bbox 641 3223 666 3276; x_wconf 78' lang='lat' dir='ltr'>a</span> <span class='ocrx_word' id='word_1_273' title='bbox 680 3218 850 3282; x_wconf 88' lang='lat' dir='ltr'>omissiones</span> <span class='ocrx_word' id='word_1_274' title='bbox 864 3219 921 3282; x_wconf 84' lang='lat' dir='ltr'>illae</span> <span class='ocrx_word' id='word_1_275' title='bbox 934 3243 994 3285; x_wconf 85' lang='lat' dir='ltr'>non</span> <span class='ocrx_word' id='word_1_276' title='bbox 1012 3281 1016 3286; x_wconf 73' lang='grc'>,</span> 
     </span>
     <span class='ocr_line' id='line_1_39' title="bbox 39 3296 903 3377; baseline 0.006 -22"><span class='ocrx_word' id='word_1_277' title='bbox 39 3296 101 3362; x_wconf 86' lang='lat' dir='ltr'>sint</span> <span class='ocrx_word' id='word_1_278' title='bbox 113 3297 278 3358; x_wconf 80' lang='lat' dir='ltr'>secundrlm</span> <span class='ocrx_word' id='word_1_279' title='bbox 297 3317 333 3358; x_wconf 87' lang='lat' dir='ltr'>se</span> <span class='ocrx_word' id='word_1_280' title='bbox 346 3307 502 3377; x_wconf 85' lang='lat' dir='ltr'>peceatum</span> <span class='ocrx_word' id='word_1_281' title='bbox 514 3297 643 3375; x_wconf 86' lang='lat' dir='ltr'>seposito</span> <span class='ocrx_word' id='word_1_282' title='bbox 656 3308 835 3376; x_wconf 82' lang='lat' dir='ltr'>contemptu,</span> <span class='ocrx_word' id='word_1_283' title='bbox 850 3303 903 3360; x_wconf 80' lang='lat' dir='ltr'>&amp;a</span> 
     </span>
    </p>

    <p class='ocr_par' dir='ltr' id='par_1_11' title="bbox 37 3375 1024 3858">
     <span class='ocr_line' id='line_1_40' title="bbox 80 3375 995 3460; baseline -0.002 -24"><span class='ocrx_word' id='word_1_284' title='bbox 80 3375 292 3438; x_wconf 78' lang='lat' dir='ltr'>Verumtamen</span> <span class='ocrx_word' id='word_1_285' title='bbox 310 3387 483 3454; x_wconf 79' lang='lat' dir='ltr'>argumente</span> <span class='ocrx_word' id='word_1_286' title='bbox 503 3395 562 3436; x_wconf 91' lang='lat' dir='ltr'>non</span> <span class='ocrx_word' id='word_1_287' title='bbox 580 3375 657 3441; x_wconf 89' lang='lat' dir='ltr'>levia</span> <span class='ocrx_word' id='word_1_288' title='bbox 678 3377 849 3436; x_wconf 86' lang='lat' dir='ltr'>adferuntur</span> <span class='ocrx_word' id='word_1_289' title='bbox 862 3379 909 3444; x_wconf 69' lang='lat' dir='ltr'>ad</span> <span class='ocrx_word' id='word_1_290' title='bbox 929 3401 995 3460; x_wconf 78' lang='lat' dir='ltr'>pro.</span> 
     </span>
     <span class='ocr_line' id='line_1_41' title="bbox 40 3451 994 3536; baseline 0.002 -16"><span class='ocrx_word' id='word_1_291' title='bbox 40 3453 171 3520; x_wconf 79' lang='lat' dir='ltr'>bandum</span> <span class='ocrx_word' id='word_1_292' title='bbox 184 3455 214 3515; x_wconf 91' lang='lat' dir='ltr'>id</span> <span class='ocrx_word' id='word_1_293' title='bbox 236 3476 300 3518; x_wconf 90' lang='lat' dir='ltr'>esse</span> <span class='ocrx_word' id='word_1_294' title='bbox 314 3451 470 3536; x_wconf 82' lang='lat' dir='ltr'>peccatum</span> <span class='ocrx_word' id='word_1_295' title='bbox 485 3455 617 3526; x_wconf 82' lang='lat' dir='ltr'>mortale,</span> <span class='ocrx_word' id='word_1_296' title='bbox 637 3455 706 3516; x_wconf 90' lang='lat' dir='ltr'>dum</span> <span class='ocrx_word' id='word_1_297' title='bbox 729 3469 771 3516; x_wconf 78' lang='lat' dir='ltr'>ex&#39;</span> <span class='ocrx_word' id='word_1_298' title='bbox 789 3457 956 3536; x_wconf 87' lang='lat' dir='ltr'>cognitione</span> <span class='ocrx_word' id='word_1_299' title='bbox 969 3468 994 3522; x_wconf 84' lang='lat' dir='ltr'>dr</span> 
     </span>
     <span class='ocr_line' id='line_1_42' title="bbox 40 3533 996 3628; baseline 0.009 -36"><span class='ocrx_word' id='word_1_300' title='bbox 40 3534 129 3626; x_wconf 81' lang='lat' dir='ltr'>plena</span> <span class='ocrx_word' id='word_1_301' title='bbox 142 3535 354 3606; x_wconf 77' lang='lat' dir='ltr'>deliberatione</span> <span class='ocrx_word' id='word_1_302' title='bbox 377 3533 523 3614; x_wconf 81' lang='lat' dir='ltr'>profertur</span> <span class='ocrx_word' id='word_1_303' title='bbox 545 3537 745 3612; x_wconf 85' lang='lat' dir='ltr'>juramentum</span> <span class='ocrx_word' id='word_1_304' title='bbox 770 3554 858 3628; x_wconf 87' lang='lat' dir='ltr'>super</span> <span class='ocrx_word' id='word_1_305' title='bbox 874 3541 996 3604; x_wconf 80' lang='lat' dir='ltr'>materia</span> 
     </span>
     <span class='ocr_line' id='line_1_43' title="bbox 44 3611 999 3706; baseline 0.008 -35"><span class='ocrx_word' id='word_1_306' title='bbox 44 3614 175 3694; x_wconf 82' lang='lat' dir='ltr'>rnoapaci</span> <span class='ocrx_word' id='word_1_307' title='bbox 185 3613 372 3693; x_wconf 82' lang='lat' dir='ltr'>obligationis</span> <span class='ocrx_word' id='word_1_308' title='bbox 386 3611 563 3706; x_wconf 79' lang='lat' dir='ltr'>juramenti:</span> <span class='ocrx_word' id='word_1_309' title='bbox 584 3613 661 3692; x_wconf 86' lang='lat' dir='ltr'>quia,</span> <span class='ocrx_word' id='word_1_310' title='bbox 684 3623 719 3674; x_wconf 88' lang='lat' dir='ltr'>ut</span> <span class='ocrx_word' id='word_1_311' title='bbox 732 3615 862 3678; x_wconf 80' lang='lat' dir='ltr'>admittit</span> <span class='ocrx_word' id='word_1_312' title='bbox 877 3617 999 3692; x_wconf 63' lang='lat' dir='ltr'>Suarez„</span> 
     </span>
     <span class='ocr_line' id='line_1_44' title="bbox 37 3691 997 3783; baseline 0.008 -31"><span class='ocrx_word' id='word_1_313' title='bbox 37 3695 242 3783; x_wconf 57' lang='lat' dir='ltr'>punierim]</span> <span class='ocrx_word' id='word_1_314' title='bbox 251 3693 445 3758; x_wconf 70' lang='lat' dir='ltr'>constituitur</span> <span class='ocrx_word' id='word_1_315' title='bbox 454 3691 602 3752; x_wconf 87' lang='lat' dir='ltr'>vinculum</span> <span class='ocrx_word' id='word_1_316' title='bbox 622 3712 729 3754; x_wconf 86' lang='lat' dir='ltr'>vanum</span> <span class='ocrx_word' id='word_1_317' title='bbox 743 3698 769 3752; x_wconf 78' lang='lat' dir='ltr'>dc</span> <span class='ocrx_word' id='word_1_318' title='bbox 781 3691 868 3756; x_wconf 88' lang='lat' dir='ltr'>inane</span> <span class='ocrx_word' id='word_1_319' title='bbox 878 3720 886 3766; x_wconf 73' lang='grc' dir='ltr'>ς</span> <span class='ocrx_word' id='word_1_320' title='bbox 903 3697 997 3760; x_wconf 84' lang='lat' dir='ltr'>formo</span> 
     </span>
     <span class='ocr_line' id='line_1_45' title="bbox 40 3770 1024 3858; baseline -0.002 -20"><span class='ocrx_word' id='word_1_321' title='bbox 40 3772 250 3838; x_wconf 70' lang='lat' dir='ltr'>indefectibilis</span> <span class='ocrx_word' id='word_1_322' title='bbox 271 3771 434 3858; x_wconf 81' lang='lat' dir='ltr'>applicatur</span> <span class='ocrx_word' id='word_1_323' title='bbox 454 3771 492 3834; x_wconf 90' lang='lat' dir='ltr'>ad</span> <span class='ocrx_word' id='word_1_324' title='bbox 505 3770 665 3837; x_wconf 84' lang='lat' dir='ltr'>indebitam</span> <span class='ocrx_word' id='word_1_325' title='bbox 689 3773 850 3846; x_wconf 85' lang='lat' dir='ltr'>materiam,</span> <span class='ocrx_word' id='word_1_326' title='bbox 864 3777 997 3842; x_wconf 71' lang='lat' dir='ltr'>testimo·</span> <span class='ocrx_word' id='word_1_327' title='bbox 1022 3793 1024 3804; x_wconf 73' lang='grc'>’</span> 
     </span>
    </p>
   </div>
   <div class='ocr_carea' id='block_1_9' title="bbox 0 0 1143 4096">
    <p class='ocr_par' dir='ltr' id='par_1_12' title="bbox 0 0 1143 4096">
     <span class='ocr_line' id='line_1_46' title="bbox 0 0 1143 4096; baseline 0 0"><span class='ocrx_word' id='word_1_328' title='bbox 0 0 1143 4096; x_wconf 95' lang='lat' dir='ltr'> </span> 
     </span>
    </p>
   </div>
  </div>
 </body>
</html>
