2236 4084
6 3869 12 4062 l

437 72 615 148 cnroutcts.
964 63 1007 112 ἃ

43 227 115 277 vato
127 214 251 277 rationis
264 235 320 276 usu
333 235 392 276 non
405 213 558 286 satisfacit,
573 233 632 275 non
645 213 715 296 plis
725 211 813 294 qninn
824 213 849 272 si
862 213 1003 276 recitaret

42 316 114 356 cum
141 295 291 358 Psittacor
312 315 381 358 nam
402 295 538 358 recitatio
562 294 612 356 ills
635 293 707 354 socii
731 313 790 354 non
813 305 1003 373 potestesse

1 431 2 438 ,
41 395 112 454 pars
128 375 229 436 Officii
242 375 354 446 Divini,
369 376 439 436 edm
448 394 511 436 non
525 373 565 434 sit
572 385 656 434 actus
666 373 732 432 Rel'
756 373 848 433 ionis:
868 373 1003 454 adeoque

40 453 170 516 audiens
185 455 265 515 illum
278 455 492 526 recitationem,
516 474 575 514 non
594 453 678 514 audit
698 453 725 512 O
756 452 835 512 cium
849 451 1002 524 Divinum,

40 533 123 612 quod
146 545 249 594 tamen
272 555 395 595 necesse
409 545 465 595 est
504 533 558 592 IV.
580 531 724 594 Casuistae
766 531 865 592 uidem
884 533 1002 612 plurimi

40 613 112 674 huic
127 625 239 673 nostrae
253 613 434 676 conclusioni
442 611 666 682 contradicunt;
685 611 739 672 sed
770 611 821 674 'cti
832 610 877 671 sui
891 613 1001 673 nullmn

37 691 109 772 (qui
130 693 297 754 ordinarius
318 705 366 754 est
386 691 521 756 defectus
546 687 763 770 Casuistarum)
784 689 936 752 adducunt
955 713 1001 754 ra·
1038 703 1048 714 '

38 771 155 832 tionem
171 773 266 834 Theol
306 771 392 834 icam.

76 851 117 910 V.
141 852 217 920 Qnae
231 851 262 912 in
306 851 382 912 fficio
395 850 506 911 Divino
517 850 633 912 secrete
644 849 781 912 dicuntur
794 870 822 908 v.
835 871 865 930 g.
879 859 897 888 “
909 851 1000 914 Pater

37 929 170 1001 noster,’'
192 935 246 991 διο.
259 929 277 990 ri
290 931 413 1012 singulis
425 929 545 995 recitari
558 929 677 992 debent.

77 1009 136 1068 VI.
158 1010 249 1081 Nota,
272 1009 303 1073 in
327 1011 501 1076 recitatione
525 1031 593 1070 cum
618 1009 701 1072 socio
714 1027 834 1088 gravem
848 1009 999 1072 defectum

38 1089 201 1159 committi,
216 1091 334 1170 quando
347 1111 422 1156 unus
437 1089 557 1154 inchoat
569 1109 687 1152 versum
700 1089 826 1149 recitare
839 1102 998 1170 antequam

38 1168 116 1228 alter
130 1167 244 1233 finierit
257 1189 343 1230 suum
356 1189 483 1239 versum,
498 1169 567 1250 qnia
584 1167 719 1228 recitatio
743 1169 909 1228 successiva
923 1191 997 1249 prae·

38 1247 160 1325 cipitur,
175 1269 237 1308 non
251 1248 443 1312 simultanear
463 1247 513 1310 hic
527 1247 661 1311 defectus
675 1247 751 1308 solet
774 1247 805 1306 in
828 1249 918 1309 choro
932 1269 999 1312 esse

35 1327 176 1404 gravium
198 1327 268 1388 dum
282 1349 321 1389 ex
336 1349 371 1392 eo
385 1329 491 1394 chorus
505 1331 648 1398 turbatur,
662 1331 688 1386 ἃ
702 1327 785 1390 initia
798 1347 833 1388 ac
846 1327 920 1388 lium
934 1349 998 1390 ver·

38 1427 125 1466 sunm
141 1427 205 1470 non
219 1407 291 1470 satis
304 1407 529 1487 intelligibiliter
541 1409 579 1468 ab
593 1408 727 1467 omnibus
741 1407 909 1470 audiuntur.

77 1485 155 1544 v11.
178 1485 260 1550 Nota
272 1488 404 1580 secundi
419 1507 458 1554 ex
473 1488 596 1548 Coerem.
609 1487 660 1546 lib.
671 1487 697 1546 1.
707 1487 791 1546 cre.
800 1487 999 1582 quandoqum.

37 1565 997 1726 urrerem

35 1724 130 1788 debet
144 1725 179 1784 in
193 1727 283 1798 cboro
296 1728 335 1792 ab
355 1726 453 1806 aliquo
475 1727 536 1786 altri
561 1746 634 1790 voce
656 1725 778 1804 proferri
799 1727 847 1786 vel
873 1729 997 1799 cantori,

34 1803 173 1884 alioquin
187 1805 315 1868 officium
327 1805 444 1886 integre
458 1826 517 1866 non
531 1807 755 1885 persolveretur,
770 1805 840 1864 crim
855 1825 996 1884 organum

34 1885 129 1944 rerba
143 1904 205 1944 non
240 1885 369 1954 roserat3
392 1886 440 1946 vel
464 1886 569 1946 saltem
591 1885 699 1968 singuli
722 1883 859 1968 privatim
887 1887 997 1948 debent

33 1963 150 2024 dicere.
194 1964 230 2022 Br
253 1977 321 2025 uart
334 1976 357 2024 t.
370 1969 399 2024 4.
410 1984 480 2045 pag.
497 1967 563 2024 105.

73 2043 169 2104 VIII.
190 2044 319 2124 inquirit
343 2043 452 2106 Bonac.
475 2055 568 2108 tract,v
585 2045 611 2106 1..
635 2043 752 2140 disp..l.
767 2063 795 2122 q.
809 2045 838 2102 3.
851 2058 953 2122 prnrct.
966 2049 996 2106 2.

34 2143 83 2201 pp.
100 2124 130 2182 1.
141 2142 176 2182 n.
190 2125 240 2182 20.
253 2125 355 2190 utrum
368 2123 417 2185 ille
431 2123 602 2194 satisfaciat,
617 2123 672 2203 qni'
681 2143 711 2181 rn
730 2123 820 2193 choro
834 2143 917 2184 suam
930 2145 996 2204 par-

35 2215 95 2261 tem
110 2201 206 2264 officii
220 2203 321 2264 debite
330 2203 419 2274 canit,
428 2203 482 2264 sed
495 2215 617 2284 partem,
633 2221 719 2298 quarn
731 2204 811 2263 canit
824 2203 904 2274 eliud
914 2205 997 2269 chori

34 2279 122 2352 latus,
139 2302 203 2341 non
218 2283 345 2362 percipit
371 2303 425 2344 seu
445 2303 504 2343 non
528 2283 676 2361 intelligrt
700 2281 832 2362 quamvis
850 2285 995 2356 attendet,

31 2359 86 2422 sed
100 2362 228 2425 tantam
241 2381 345 2426 sonum
358 2362 512 2428 confusum
531 2363 622 2432 audit,
644 2381 703 2422 non
727 2361 999 2440 pronuntiationem.

34 2441 197 2502 verborum
209 2463 218 2500 ι
239 2441 401 2512 &resolvit
412 2441 494 2516 illum
506 2461 591 2521 posse
600 2441 752 2579 percipere
763 2441 995 2514 distributiones,

35 2520 104 2596 quie
118 2520 278 2580 servitium
291 2522 361 2582 vere
381 2521 520 2600 praestitit
538 2521 601 2580 inc
623 2541 674 2582 oro
694 2521 839 2604 quantum
853 2521 950 2600 potnit
969 2529 996 2584 δι

34 2599 153 2670 debuit,
177 2619 237 2662 nec
258 2601 343 2663 stetit
365 2621 419 2682 per
449 2619 518 2661 eum
540 2601 739 2660 conditionem
760 2599 901 2660 audiendi
922 2601 996 2664 alios

33 2677 224 2758 adimplere:
244 2679 328 2742 addit
341 2691 450 2750 tamen,
473 2679 608 2750 eundem,
633 2680 657 2740 si
679 2679 718 2740 cd
742 2679 925 2740 recitandum
940 2681 995 2741 Di·

33 2758 138 2818 vinum
155 2758 295 2820 Officium
322 2759 476 2840 obligetur,
501 2759 596 2820 teneri
621 2757 757 2820 Officium
782 2759 930 2820 Horarum
950 2781 995 2822 re·

34 2850 142 2915 petere
157 2858 214 2898 seu
227 2837 372 2918 supplere,
399 2839 468 2918 quia
488 2858 547 2899 non
572 2837 716 2899 satisfecit
737 2837 908 2918 obligationi
921 2839 995 2901 reci·

35 2917 119 2976 tandi
136 2917 240 2978 Horas
260 2918 433 2989 canonicas,
448 2918 517 2979 cdm
531 2917 722 2978 medietatem
743 2937 802 2978 non
816 2919 994 2992 recitaverit,

34 3017 90 3056 nec
99 2995 266 3062 audiverit·
308 2997 450 3058 Casulstae
462 2997 581 3078 quidem
590 2997 689 3058 Gobat
699 3003 725 3056 dt
735 2997 780 3056 La
789 2997 879 3058 Croix
894 2997 995 3071 existi-

34 3087 130 3148 mant,
159 3075 246 3138 illurn
273 3076 363 3138 etiam
384 3077 564 3138 satisfecisse
588 3077 629 3136 illi
652 3075 841 3155 obligationi3
862 3077 931 3159 quia
952 3091 996 3139 st·

35 3155 120 3218 terite
146 3156 253 3220 audire
275 3168 398 3222 conatus
413 3168 476 3228 est,
503 3155 576 3222 licet
596 3176 656 3216 non
677 3157 862 3236 perceperit;
892 3157 995 3218 verbm

37 3235 174 3313 quamvis
189 3235 319 3314 benigna
332 3235 407 3296 ratio
420 3235 452 3295 id
465 3235 643 3298 concederet
667 3255 720 3314 pro
742 3236 787 3305 iis,
802 3235 853 3314 qui
875 3237 914 3300 ad
936 3239 996 3298 offi-

38 3316 117 3378 cium
133 3315 289 3378 Horunuu
304 3315 517 3376 Canonicarum
532 3315 697 3394 obligantur
720 3334 758 3374 ex
772 3315 833 3376 solo
848 3314 942 3386 titulo,
964 3329 997 3378 ut

4 3441 5 3458 ,
37 3395 126 3454 choro
140 3395 286 3454 assistant
300 3399 325 3452 dr
339 3395 476 3464 serviant,
491 3415 519 3453 v.
532 3416 561 3474 g.
572 3415 625 3488 pro
638 3394 831 3464 monialibus;
852 3395 883 3454 id
896 3408 995 3456 tamen

36 3493 92 3534 non
107 3473 234 3534 videtur
247 3473 393 3534 sufficiens
407 3493 460 3554 pro
473 3473 519 3544 iis,
534 3495 584 3553 qm
598 3473 655 3534 alio
669 3473 765 3545 titulo,
788 3494 816 3532 v.
829 3495 858 3553 g.
874 3475 994 3534 Ordinis

38 3553 119 3613 Sacri
134 3551 309 3632 obligantur
323 3564 418 3615 totum
441 3553 577 3614 Officium
601 3553 736 3614 recitare.
778 3553 810 3614 Si
823 3566 923 3614 autern
938 3554 994 3614 iste

39 3631 177 3694 defectus
192 3633 303 3692 oriatur
317 3653 355 3693 ex
369 3653 415 3703 eo,
430 3631 511 3712 qudd
525 3633 554 3690 in
579 3631 637 3692 isto
659 3631 748 3694 choro
772 3633 908 3694 Officium
929 3653 994 3714 per-

38 3711 190 3854 fuarptorie
204 3723 372 3796 peragatur,
397 3713 537 3776 Ditector
547 3711 629 3776 chori
652 3724 767 3776 reatum
781 3713 910 3776 omnium
926 3733 977 3777 cor

41 3803 64 3853 tr
102 3803 136 3857 rt
