2246 4096
376 249 422 291 nn
438 239 648 294 rmrnrnro.
936 239 990 298 177

42 390 225 452 conditiones
237 389 309 460 voti,
324 389 393 450 crim
406 391 458 451 fiat
471 391 588 452 directe
599 391 780 472 inhonorem
795 391 864 465 Dei,
880 400 907 454 a
921 398 996 460 solet

41 481 142 530 votrnn
165 471 323 548 conjungi3
357 469 491 549 adeoque
518 472 610 532 debet
632 470 749 532 essedo
771 473 886 538 meliori
910 477 995 548 bono,

41 561 129 630 prout
143 550 194 610 illa
206 549 295 610 latiis
317 549 504 628 explicantur
526 551 558 610 in
584 541 727 612 'tractatu
750 549 789 612 de
812 563 890 624 voto,
904 575 934 614 n.
947 559 996 616 90.

40 630 100 689 Hic
115 642 165 690 est
178 648 272 701 casus,
287 629 318 688 in
336 649 395 708 quo
414 633 618 709 juramentum
642 630 680 689 de
702 642 772 690 actu
793 632 924 696 virtuoso
938 655 995 696 non

38 709 346 850 affirmem
360 789 419 848 tole
433 789 472 849 de
485 787 590 848 minori
603 790 681 848 bono
693 788 806 852 factum
824 791 855 851 in
868 811 995 856 commo-

39 868 111 927 dum
124 869 174 928 vel
188 868 217 926 in
230 869 341 941 bonrnn
364 867 489 948 alicujus
511 867 646 938 hominis,
664 869 785 949 obligat,
799 870 824 930 si
833 872 959 934 honeste
968 881 995 934 δι

39 948 172 1008 virtuose
186 947 302 1025 impleri
315 947 416 1025 possit,
441 948 510 1027 quia
532 947 641 1008 veritas
650 951 820 1086 duramenti
834 952 865 1010 id
878 953 993 1034 exigit:

40 1027 82 1087 ita
95 1027 148 1106 qui
157 1026 270 1105 juravit
283 1026 392 1086 donare
405 1027 494 1088 alicui
507 1039 628 1087 eentum
672 1048 786 1099 menos,
801 1031 954 1110 obligatur,
968 1039 994 1094 iz

39 1125 97 1164 non
111 1117 214 1186 potest
222 1125 272 1166 eos
281 1117 454 1166 convertere
465 1107 495 1166 in
505 1107 718 1187 ele‘e'mosynas,
727 1109 799 1168 licet
807 1111 994 1192 ele'e'mosynn

41 1185 78 1245 sit
91 1205 168 1265 opns
180 1185 298 1245 melius.
339 1185 480 1246 Similiter
504 1185 563 1265 qul'
577 1185 702 1246 officiali
722 1189 832 1267 juravit
845 1209 993 1254 assumere

40 1265 186 1335 militiam,
200 1263 417 1344 estobligatus,
439 1265 627 1344 quantumvis
653 1281 712 1328 non
735 1267 862 1330 militare
876 1270 916 1330 sit
930 1285 992 1332 me-

40 1345 115 1415 lius;
137 1344 228 1423 aliqui
243 1356 343 1406 tannen
366 1345 521 1423 excipiunt
543 1355 654 1406 statum
675 1345 845 1424 religiosum
868 1347 887 1408 i
905 1349 999 1410 simili

35 1427 223 1502 juramento;
242 1425 345 1486 volunt
365 1425 445 1484 enim
465 1425 495 1484 in
518 1425 571 1485 tali
590 1429 759 1518 juramento
778 1426 903 1508 intelligi
916 1430 993 1494 hane

40 1503 260 1570 conditionem
278 1503 335 1564 nisi
349 1515 459 1564 statum
472 1504 804 1585 perfeetroniselegero.
1036 1516 1042 1526 ’

77 1583 134 1642 XI.
163 1583 245 1644 Nota
271 1583 397 1656 interim,
426 1583 504 1677 quod
533 1587 733 1664 juramentum
767 1585 992 1664 promissorium,

38 1663 119 1742 quod
145 1683 201 1756 per
222 1663 359 1724 accidens
383 1668 409 1722 tir
432 1663 576 1724 indirecte
599 1663 692 1724 solnm
716 1675 763 1725 est
786 1665 992 1744 impeditivum

38 1743 170 1803 melioris
196 1743 276 1812 boni,
302 1763 361 1802 non
392 1743 508 1802 desinat
540 1743 651 1804 idcirco
677 1757 743 1806 esse
770 1745 992 1825 obligatorium:

37 1843 65 1879 v.
77 1841 107 1902 g.
130 1823 155 1882 si
170 1821 236 1902 quis
245 1822 391 1901 juraverit
405 1823 475 1882 dare
489 1822 606 1902 cupiam
623 1823 703 1884 mille
716 1824 850 1896 florenos,
865 1837 992 1900 tenetur,

39 1901 173 2041 gnaruris
187 1921 227 1961 ex
240 1922 277 1964 eo
290 1902 485 1980 impediretur
496 1905 534 1964 ab
547 1903 683 1982 ingressu
697 1903 860 1983 Religionis
874 1901 993 1991 defecto

60 1993 127 2042 otrs.
573 2013 576 2025 ·

41 2071 62 2128 ,ἶ
77 2062 180 2126 Quare
194 2072 294 2200 votgm
315 2060 416 2139 potiris
436 2061 527 2122 debet
546 2079 613 2123 esse
626 2062 664 2122 de
678 2062 791 2124 meliori
804 2065 890 2136 bono,
906 2065 992 2145 quim

41 2145 238 2202 'uramentum
856 2157 858 2162 “

34 2159 47 2218 J
77 2219 149 2278 XII.
173 2219 210 2278 R.
232 2217 309 2284 Quia
323 2218 453 2280 directus
464 2217 532 2278 finis
545 2219 607 2280 voti
621 2232 669 2296 est
681 2225 773 2300 major
787 2223 884 2284 cultus
898 2229 923 2283 ἃ
941 2225 993 2286 ho·

39 2317 91 2358 nor
114 2298 196 2368 Dei3
223 2299 277 2358 sed
300 2299 450 2376 proximus
473 2297 539 2359 linis
562 2301 722 2379 jinantenti
746 2313 792 2362 est
813 2303 993 2365 confirmatio
1119 2333 1121 2340 ,

38 2378 184 2449 veritatis,
199 2397 265 2456 quae
278 2378 379 2438 haberi
393 2389 493 2456 potest
506 2378 595 2440 etiem
608 2379 639 2439 in
653 2379 758 2440 minori
770 2382 856 2440 bono.

111 2597 152 2656 N.
176 2595 635 2682 147.DEOBL1GA110NE
659 2596 919 2660 JURAMENTI.

353 2773 388 2876 ῥ’.
413 2773 513 2834 laona
526 2786 624 2852 qamt
638 2777 687 2833 89.

38 2936 62 2992 1.
83 2933 205 2993 Juram.
225 2931 361 3008 obligatio
383 2943 424 2994 eat
445 2924 543 3010 Relig-
591 2933 630 2992 11.
650 2931 709 2992 Est
726 2953 810 3010 grae.
860 2935 917 2994 111.
936 2937 993 2997 Ju-

99 3033 174 3071 ram.
192 3033 248 3091 per
270 3033 299 3070 se
329 3022 410 3070 stans
433 3003 478 3070 bet
493 3031 582 3070 unam
604 3011 689 3089 obliq.
713 3013 808 3090 Retio.
867 3015 920 3073 lv.
953 3017 994 3076 Ira

99 3092 273 3151 loramento
285 3093 439 3150 aooessorri)
454 3111 585 3150 eoneurr.
599 3091 702 3170 plures
716 3091 832 3169 obliqua.
873 3093 908 3152 V.
927 3094 993 3156 Ee·

100 3170 205 3260 amylo.
244 3169 296 3228 VI.
316 3169 370 3228 Er
389 3167 561 3230 lamma
577 3189 635 3250 ptr
656 3191 685 3232 se
707 3181 798 3239 alonte
822 3191 881 3232 nort
905 3174 994 3238 darer

100 3251 223 3310 oetioitr
232 3249 438 3328 soroeoetertw,
528 3321 537 3340 Ι
654 3321 658 3328 ⁴

79 3408 239 3474 QUALIS
254 3419 300 3468 est
313 3408 453 3487 obligatio
462 3409 646 3488 juramenti?
695 3449 696 3454 κ

80 3489 105 3546 1.
128 3488 166 3547 R.
188 3488 244 3548 Est
256 3485 314 3548 obll
336 3487 396 3548 atio
415 3487 532 3550 virtutis
551 3485 735 3567 Religionis;
755 3489 848 3552 oritur
862 3493 940 3553 enirn
954 3515 993 3556 ex

42 3567 211 3627 reverentia
224 3567 291 3627 Deo
306 3507 423 3646 dgebitar
444 3569 499 3628 sed
513 3569 543 3627 in
559 3572 728 3649 juramento
741 3571 823 3630 mere
837 3575 992 3635 assertorio

42 3647 184 3726 obligatio
197 3665 255 3707 non
267 3658 317 3707 est
329 3659 467 3726 respectn
480 3648 532 3718 rei,
546 3648 601 3708 sed
613 3660 752 3727 respectu
765 3653 850 3710 actile
859 3653 994 3730 juarntis,

41 3739 75 3784 ut
84 3731 170 3804 juret
182 3745 295 3786 verum.
318 3727 347 3788 S.
361 3727 465 3786 Thom.
480 3749 507 3807 q.
521 3729 570 3787 89.
583 3740 638 3788 art.
658 3732 687 3787 7.
705 3729 758 3790 sed
778 3729 809 3788 in
826 3733 989 3810 juramento

42 3807 231 3884 promissorio
245 3805 384 3886 obligatio
399 3806 488 3867 etiam
499 3807 580 3869 cadit
589 3827 678 3890 super
687 3828 749 3870 rem
764 3808 825 3869 sive
838 3811 973 3872 veritater

42 3885 182 3946 futuram.
198 3885 228 3946 S.
243 3885 349 3950 Thon
362 3885 481 3950 ibidem.
