2230 4094
165 193 220 252 156
490 208 531 250 ne
551 205 751 267 consuesco.

162 427 201 488 N.
238 429 303 486 129.
360 427 418 490 DE
451 425 716 490 JURAMENTO
750 427 1102 496 CONTESTAToruu

446 507 505 602 ΕΤ1
521 504 835 600 EXECRATORIO.

164 615 189 726 Ι.
201 637 332 746 Simplex
342 668 580 760 mutatawrium.
586 665 899 806 Mummium
929 667 987 726 111.
998 666 1102 727 Jwant.

202 905 227 964 Ι.
241 905 408 971 umnec
417 907 616 983 juramentum
625 903 750 984 simplex
763 903 1033 964 contestatorium?

180 995 183 1002 '
203 984 241 1044 R.
265 985 310 1054 Id,
335 985 413 1064 quod
426 983 461 1044 fit
474 1003 529 1062 per
540 983 704 1062 simplicem
719 984 976 1054 contestationem,
1001 982 1102 1051 sivein

184 1083 222 1126 uo
236 1063 320 1126 Deus
334 1064 487 1124 invocetur
501 1063 691 1134 solummodo,
715 1075 750 1123 ut
763 1063 857 1133 testis,
871 1083 899 1121 v.
912 1083 941 1142 g.
956 1071 975 1100 ‘⁴
981 1065 1050 1141 juro
1061 1079 1102 1140 pei

195 1143 287 1206 eum.”
327 1144 433 1204 Potest
442 1153 545 1204 autem
558 1143 615 1204 hoc
633 1145 834 1222 juramentum
847 1161 913 1203 esse
932 1143 983 1204 vel
997 1139 1102 1221 promis·

164 1223 282 1298 surium,
296 1223 344 1282 vel
354 1222 543 1282 assentorium
558 1223 683 1282 tantum.

203 1302 284 1368 Quid
297 1313 344 1362 eet
353 1304 555 1380 juramentum
569 1301 809 1364 execmtorium?

203 1381 245 1442 11.
259 1381 296 1440 R.
311 1381 397 1451 Illud,
412 1401 465 1460 per
479 1381 557 1462 quod
566 1379 734 1444 invocamus
748 1381 848 1441 Deum
861 1380 891 1439 in
906 1391 1018 1442 testem
1032 1377 1102 1438 simul

164 1465 191 1519 δι
203 1459 352 1520 vindicem
362 1460 392 1518 in
406 1478 459 1520 nos
472 1461 520 1522 vel
534 1459 645 1540 aliquid
654 1461 693 1522 ad
702 1481 755 1520 nos
765 1461 934 1540 pertinens:
948 1455 1102 1539 hujusmodl

166 1542 364 1600 ‘uramentum
377 1540 450 1600 fecit
465 1540 494 1600 S.
508 1539 617 1600 Paulus
629 1542 660 1599 2.
680 1541 719 1600 ad
734 1539 800 1600 Cor.
817 1541 842 1598 l.
855 1559 883 1598 v.
896 1542 944 1598 23.
969 1549 987 1576 “
998 1539 1102 1599 Testem

198 1639 265 1713 eum
275 1619 379 1713 immeo
392 1619 422 1677 in
435 1617 562 1680 animum
572 1639 668 1680 meam
678 1619 711 1712 θ’.
716 1620 821 1683 Potest
833 1629 934 1680 autem
947 1623 975 1678 dr
985 1619 1043 1679 hoc
1052 1635 1102 1678 esse

164 1699 782 1844 lllltltt’lltlltttlttl·³,
798 1779 824 1836 1.
849 1777 925 1856 reg.
949 1779 998 1836 u
1022 1798 1049 1836 ..
1068 1777 1102 1833 n

162 1863 185 1996 ⁴5
192 1857 257 1918 haec
270 1857 360 1918 faciat
373 1857 445 1916 mihi
456 1855 549 1930 Deus,
563 1861 590 1917 dr
602 1858 666 1918 haec
680 1857 779 1928 addat,
794 1855 864 1936 quia
876 1868 972 1918 morte
984 1853 1102 1918 morieris

115 1957 118 1964 ·
186 1937 294 1996 onotha
303 1936 334 1998 ?''
516 1953 519 1958 '

204 2015 241 2074 R.
255 2015 324 2076 Fuit
337 2015 590 2078 commhutorlum
604 2021 630 2077 ἃ
643 2015 730 2076 simul
743 2015 970 2076 execratorium.
1101 1975 1102 2025 ¹

156 2233 202 2293 N.
235 2235 300 2292 lto.
341 2233 399 2294 DE
420 2235 686 2296 JURAMENTO
707 2234 790 2294 Pult
812 2221 938 2294 DEUM
959 2231 1017 2293 ET
1037 2209 1101 2292 Pul

509 2311 774 2374 CREATURAS.
880 2411 882 2418 Α
908 2343 912 2352 ·

163 2491 187 2552 1.
210 2489 329 2552 Juram.
336 2511 394 2570 per
406 2491 512 2552 Derim.
553 2488 594 2550 ΙΙ.
617 2491 735 2552 Jurom.
745 2511 802 2570 per
824 2501 972 2550 creaturas
985 2499 1099 2550 contestu

170 2723 173 2730 ,
218 2569 1099 2748 ττττττττττττττττττ

221 2731 368 2820 marom,

202 2885 322 2954 QUOD
338 2891 534 2947 ‘uramentum
549 2879 657 2949 dicitur
671 2879 735 2948 fleri
748 2907 801 2970 per
815 2885 938 2948 Deum?

203 2965 227 3026 1.
249 2965 286 3026 R.
309 2967 395 3038 llud,
420 2967 449 3025 in
464 2973 521 3046 quo
542 2965 712 3028 immediate
725 2967 810 3028 Deus
833 2967 880 3028 vel
895 2967 1016 3046 aliquod
1034 2961 1097 3027 attri

160 3049 266 3108 butum
277 3046 409 3106 divinum
418 3047 575 3107 adducitur
585 3047 614 3106 in
626 3047 843 3124 testimonium
857 3047 903 3107 uti
917 3047 989 3106 dum
1002 3045 1097 3106 dicitu

162 3128 257 3206 “juro
270 3146 324 3205 per
339 3123 463 3186 Deum-’³

201 3206 407 3266 Juromentum
425 3225 478 3286 per
492 3218 641 3266 creaturas
661 3205 725 3266 fieri
739 3217 838 3286 potest
851 3203 1018 3286 dupliciter,
1040 3202 1096 3298 vidp

160 3283 233 3344 licet
246 3283 340 3344 solum
355 3285 564 3346 contestatorie
578 3290 604 3344 dr
618 3285 812 3356 execratorie,

201 3363 288 3429 Quod
297 3368 496 3502 {momentum
511 3363 618 3426 dicitur
631 3365 694 3426 lieri
708 3385 762 3446 per
776 3377 926 3426 creaturos
940 3363 1034 3424 soldm
1047 3379 1095 3422 eon

164 3443 299 3502 testatori

202 3519 242 3578 II.
267 3521 303 3579 R.
326 3521 412 3591 Illud,
436 3521 538 3601 inquo
562 3521 676 3584 directe
694 3523 851 3584 assumitur
872 3523 920 3583 vel
943 3519 1094 3602 exprimito

161 3597 258 3675 aliquo
279 3611 423 3668 creatura,
446 3602 592 3678 quotenus
618 3601 771 3662 illohobet
793 3602 925 3662 ordinem
939 3602 977 3662 od
998 3601 1094 3662 Deum

162 3676 221 3735 tale
234 3676 501 3754 fuitjuromentum
515 3680 630 3758 Moysis
644 3682 769 3742 Deuter.
792 3683 841 3740 30.
862 3701 890 3740 v.
912 3682 957 3742 19.
981 3679 1094 3746 “Teste

161 3753 263 3814 invoco
287 3755 401 3814 Coelum
424 3761 451 3813 tr
464 3757 585 3816 Terram
594 3758 619 3817 :⁸³
641 3759 673 3818 id
686 3771 741 3830 est,
764 3771 874 3822 testem
897 3761 1000 3822 invoco
1025 3759 1093 3820 Cret

163 3842 265 3904 torem,
281 3832 440 3894 Rectorem
454 3839 480 3892 δι
495 3835 654 3898 Dominum
670 3836 745 3900 culi
759 3845 790 3899 δι-
799 3839 908 3901 Terrae.
