2246 4096
141 207 197 266 172
474 219 516 264 ns
537 220 746 265 consummo.

168 365 217 424 ll.
238 363 403 442 Negativd:
424 364 616 424 nam'caeterae
630 363 814 424 conditiones
827 359 974 442 requisita
987 359 1023 424 ad
1036 361 1086 424 de«

138 443 233 505 bitum
243 443 363 522 jurandi
385 443 513 513 modum,
532 443 576 503 uti
599 442 682 513 fides,
701 443 828 514 devotio,
850 443 1012 522 prudentia,
1035 445 1084 503 &o

139 523 246 584 reduci
261 533 383 601 possunt
396 521 435 582 ad
448 523 571 582 comites
585 523 730 602 praefatos.

178 602 235 662 111.
257 605 307 661 An
320 601 363 661 illi
376 613 437 662 tres
452 602 575 662 comites
590 602 779 682 requiruntur
793 601 823 662 in
837 601 915 662 omni
924 605 1089 683 juramento

144 693 205 742 tam
219 681 375 742 assertorio
389 681 476 761 quim
490 681 698 761 promissorio?

168 761 403 821 R.Affinn:nam
412 761 453 820 illi
464 773 524 821 tres
533 761 597 822 sine
608 761 784 842 exceptione
789 759 1089 839 requimnaurserem.

26 875 32 891 =
141 845 171 901 4.
192 846 219 899 a
244 841 286 901 ita
313 841 421 902 docent
453 841 570 910 Suarez,
598 840 745 920 Wiggers,
770 841 898 920 aliique:
933 841 1087 932 Cajetanus

142 931 240 982 tamen
254 931 340 999 putat
353 920 491 980 comitem
501 919 627 1000 justitie
648 940 707 980 non
729 921 840 980 babere
859 920 957 980 iocum
970 939 1000 980 m
1009 923 1087 1000 jura·

141 1009 243 1060 mento
257 1000 421 1069 assertorio,
435 1004 462 1059 dr

182 1079 312 1158 Objicit:
334 1079 415 1139 licite
426 1082 594 1158 juramento
607 1078 747 1140 asseritur
756 1098 804 1139 res
813 1078 917 1158 turpis,
931 1097 959 1136 v.
972 1099 1000 1156 g.
1010 1078 1092 1138 adul·

143 1159 250 1220 terium
274 1161 313 1218 ab
333 1159 430 1238 aliquo
454 1159 658 1228 commissum
679 1178 750 1252 ergo
773 1177 872 1220 comes
891 1157 1015 1240 justitia
1034 1177 1093 1217 non

144 1239 235 1299 debet
248 1239 353 1298 adesse
367 1239 397 1297 in
405 1241 574 1318 juramento
587 1249 751 1300 assertorro.

181 1317 236 1376 IV.
257 1319 294 1376 R.
305 1318 464 1396 Distinguo
475 1319 673 1378 antecedens:
686 1317 769 1378 licite
775 1319 944 1396 juramento
954 1315 1094 1376 asseritur

143 1415 191 1458 res
206 1397 300 1478 turpis
314 1397 431 1476 quando
454 1397 519 1490 ipsa
539 1397 664 1458 assertio
687 1409 733 1458 eet
754 1395 844 1467 licita,
862 1417 889 1456 r.
903 1417 932 1476 g.
947 1395 1095 1475 quandot

143 1477 164 1537 J
166 1475 251 1537 adice
265 1475 397 1555 legitime
411 1487 532 1569 pentur,
557 1477 688 1538 concedo
701 1473 895 1536 antecedens:
909 1477 1012 1536 verium
1023 1485 1095 1535 tunc

143 1556 229 1620 adest
243 1576 341 1620 comes
347 1556 473 1637 justrtiae
487 1555 517 1614 in
529 1575 565 1618 eo
578 1556 701 1626 scilicet,
716 1555 797 1636 qudd
806 1555 930 1616 materia
953 1555 1096 1634 proxim,

145 1634 259 1696 scilicet
272 1635 395 1706 assertio
408 1635 542 1696 veritatis
555 1635 597 1698 sit
607 1635 690 1696 licita
702 1640 728 1694 u
746 1635 879 1704 honesta,
902 1635 1035 1714 quamvis
1048 1653 1098 1693 res

143 1727 258 1776 remota
270 1726 382 1775 asserta
399 1715 438 1774 sit
459 1715 633 1774 inhonesta:
653 1715 734 1775 licite
758 1717 928 1793 juramento
955 1714 1098 1774 asseritur

144 1814 192 1854 res
203 1795 296 1874 turpis
317 1793 434 1874 q'uando
457 1794 521 1874 ipsa
547 1795 670 1854 assertio
692 1814 751 1854 non
764 1805 811 1854 est
821 1793 903 1856 licita
916 1798 942 1852 u
954 1794 1102 1861 nonaum

144 1893 221 1952 nego
235 1875 479 1943 antecedens3&
502 1874 544 1934 ita
565 1873 638 1934 illud
656 1873 833 1934 adulterium
856 1873 1005 1934 occultum
1034 1873 1100 1934 sine

140 1956 223 2033 justa
238 1973 326 2030 eausa
340 1953 442 2013 illicite
455 1954 637 2018 revelaretur
657 1953 706 2013 vel
726 1964 908 2014 assereretur
917 1956 1101 2032 juramento,

144 2037 171 2091 δι
185 2032 244 2102 iste
247 2035 350 2113 jurans
364 2033 501 2112 peccabit
514 2053 572 2102 non
586 2033 681 2093 solum
697 2044 821 2112 peccato
845 2031 1037 2093 detractionis
1056 2032 1102 2090 in·

140 2115 238 2190 justae,
254 2111 406 2172 sedetiam
426 2112 562 2192 peccabit
583 2123 686 2173 contra
708 2111 893 2190 Religionem
915 2132 955 2172 ex
977 2111 1104 2171 defectu

146 2191 259 2257 comitis
270 2191 402 2272 justitia,
414 2191 482 2272 quie
496 2191 559 2272 ipsa
572 2191 696 2260 assertio
704 2211 762 2252 non
777 2202 823 2252 est
836 2191 917 2254 licita
927 2196 953 2250 δι
963 2191 1105 2252 honesta.

297 2430 336 2496 N.
356 2429 420 2498 143.
440 2429 499 2492 DE
526 2429 688 2490 COMITE
714 2427 947 2514 VERITATIS.

147 2629 170 2687 Ι.
191 2628 312 2707 Duplex
332 2632 439 2687 veritus
450 2629 563 2705 jurant
604 2628 644 2687 11.
664 2627 830 2692 Μαιεήαίἰε
850 2647 900 2687 eeu
920 2629 1031 2687 veritos
1053 2630 1111 2686 rei.

338 2708 394 2766 111.
423 2707 676 2788 Vert'toasmntalt‘t
688 2728 738 2768 teu
751 2707 908 2767 laetationis.

186 2903 292 2974 QUlD
307 2918 355 2966 est
368 2926 466 2966 comes
480 2905 634 2967 veritatis?

186 2985 210 3044 1.
232 2986 270 3044 R.
290 2986 351 3047 Hic
365 3005 463 3046 comes
488 2983 711 3065 comprehendit
731 2977 808 3056 duo,¹
820 2985 881 3045 sive
900 2983 1013 3044 veritas
1026 2986 1114 3063 jura·

147 3065 238 3204 mplnti
253 3065 363 3144 duplex
378 3076 442 3126 est:
457 3065 580 3136 scilicet,
590 3065 698 3126 veritas
708 3064 836 3125 formalis
847 3069 872 3124 dl
885 3064 995 3124 veritas
1011 3076 1114 3124 mate·

147 3165 171 3202 rr
201 3165 235 3204 rs.

186 3223 227 3282 ΙΙ.
249 3223 328 3290 Quid
341 3234 388 3284 eat
401 3224 509 3284 veritas
522 3223 704 3285 materialis?

187 3303 225 3362 R.
248 3303 303 3363 Est
316 3304 424 3364 veritas
437 3304 488 3374 rei,
503 3323 557 3364 seu
569 3304 649 3373 facti,
669 3303 707 3364 de
722 3321 780 3384 qua
793 3315 839 3363 est
853 3302 1074 3364 controversia.

186 3382 243 3441 111.
265 3383 382 3444 Veritas
395 3383 526 3442 formalis
538 3391 584 3443 est
597 3383 706 3450 veritas
721 3382 886 3452 locutionis,
901 3382 964 3442 sive
979 3381 1112 3442 scientia

143 3461 279 3538 jurantis,
306 3473 358 3521 aut
371 3465 435 3540 ejus
456 3463 586 3541 prudens
600 3463 721 3522 &timna
734 3461 894 3542 persuasio,
924 3481 990 3530 rem
1005 3481 1042 3521 se
1073 3461 1112 3522 sit

148 3541 256 3600 habere
271 3540 348 3618 sicut
365 3543 464 3619 jurat:
485 3559 513 3600 v.
555 3584 562 3600 .
584 3541 608 3600 ri
627 3541 692 3622 quis
709 3543 790 3621 ju'rat
803 3532 822 3600 d
835 3541 950 3602 Joanne
972 3540 1112 3600 occisum

148 3619 279 3688 Petrum,
293 3619 520 3680 veritas'materi
549 3621 574 3680 is
588 3633 635 3681 est
648 3619 835 3681 occisioverd
847 3619 927 3680 facta
941 3619 960 3678 d
972 3613 1109 3680 Joanne

147 3698 255 3756 veritas
276 3695 405 3758 formalis
426 3711 472 3758 est
491 3701 618 3778 jurantis
639 3700 723 3760 finna
742 3700 894 3780 persuasio
905 3695 959 3760 aut
974 3697 1111 3776 cognitii

148 3777 297 3836 homicidii
311 3777 391 3845 facti,
414 3799 500 3856 quam
515 3779 605 3839 babet
619 3799 658 3840 ex
671 3780 735 3839 visu
749 3780 796 3840 vel
810 3799 850 3840 ex
863 3779 928 3854 aliis
939 3777 1045 3839 causis
1064 3797 1111 3836 ser

149 3857 329 3932 argumentis
344 3857 563 3918 sufficientibus.
844 3877 847 3884 ·
