2244 4082
414 183 456 228 ns
475 183 621 230 autunto.
776 241 780 249 ¹
936 171 995 228 343

26 361 28 368 ’
107 405 146 466 u.
164 406 233 465 am.
272 403 416 470 utnon
437 405 660 468 excusans
680 407 710 465 n
730 405 918 468 nanuum.

40 563 182 626 show
202 563 437 645 incompocsffb’a
458 575 584 626 mont.
624 565 665 624 11.
684 564 990 625 loborleoiaoelin-

92 641 283 724 compotiht‘lis
295 660 356 706 noto
367 641 491 706 mot.
530 645 589 704 III.
607 643 709 704 aanor
720 645 924 722 agricolarum,
939 644 989 718 Spu.

92 735 219 824 masat:
258 721 313 820 IV.
330 726 432 792 Labor
446 724 621 804 spirim
660 725 698 783 V.
714 724 817 818 Lullpr
834 726 936 800 pravis
948 744 992 818 se·

91 807 454 944 wvffmt
464 803 879 964 &mmmmm
891 802 992 941 m}

88 981 146 1056 por
161 963 249 1022 om
270 973 389 1042 ternpus.
425 963 482 1023 IX.
507 963 645 1042 Opemrii
663 965 784 1023 otiantes
806 963 992 1020 maamad

94 1211 235 1280 sumptura
274 1201 361 1261 XHI.
381 1202 443 1262 Nec
455 1200 537 1262 luber
549 1201 721 1264 intonsae.
760 1201 843 1261 XIV.
863 1200 990 1279 Impeda-

93 1277 506 1360 majajmapronnam.
851 1319 853 1328 .

38 1437 250 1580 131ξέῌΙξῖΑΜ
269 1452 454 1502 excusantur-
472 1439 491 1500 ai
508 1440 622 1522 Jejunio
643 1439 856 1502 Ecclesiastico
876 1440 991 1500 ratione

101 1538 142 1580 ns

74 1599 99 1657 Ι.
111 1599 151 1658 R.
163 1599 212 1659 Illi
224 1599 287 1670 seli,
302 1596 427 1678 quorum
440 1601 522 1661 labor
529 1600 672 1660 honestus
685 1617 753 1660 carm
763 1599 879 1680 jejunio
892 1617 987 1659 mora-

39 1679 407 1758 litatestincompatibilis.
941 1687 942 1694 ’

73 1757 193 1819 Dicitur
204 1759 432 1840 incompatibilia
441 1779 501 1820 non
513 1759 657 1830 absoluto,
672 1759 726 1819 sed
735 1757 902 1818 moraliterr
917 1759 987 1816 dum

39 1837 82 1930 ille
104 1838 187 1899 labor
209 1840 296 1918 aequc
316 1850 369 1899 aut
389 1839 483 1918 magis
504 1838 639 1901 debilitat
662 1843 688 1898 a
709 1838 876 1908 mortificat,
899 1837 988 1916 quarn

39 1933 293 2062 thlrpptppepppgprpi
302 1917 674 2078 pssparlffirtffiepttmit
687 1997 849 2059 consistere
862 2014 931 2056 cum
944 1999 990 2074 je·

37 2075 112 2154 junio
122 2076 187 2137 sine
201 2077 322 2139 notabili
332 2077 527 2147 incommodo,
540 2097 599 2137 non
609 2085 735 2138 excusat
743 2077 761 2136 ὲ
769 2076 892 2156 jejunio.
914 2076 991 2136 Con·

39 2155 165 2216 irmatur
177 2175 217 2218 ex
230 2155 287 2217 hac
301 2157 389 2236 Prop.
401 2160 451 2216 30.
461 2158 599 2219 minuata
610 2159 648 2217 ab
663 2158 753 2217 Alex.
765 2155 835 2214 VII.
850 2155 992 2216 “Omnes

40 2235 179 2306 officiales,
199 2237 250 2315 qui
263 2237 294 2294 in
308 2235 474 2316 Republica
486 2236 677 2316 corporaliter
689 2237 832 2306 laborant.
854 2247 924 2295 sunt
937 2249 990 2295 ex-

39 2315 126 2375 cusati
140 2317 179 2376 ab
192 2316 370 2394 obligatione
379 2315 495 2396 ieiunii,
519 2335 576 2376 nec
589 2316 700 2377 debent
713 2335 745 2377 se
758 2315 931 2385 certificare,
952 2335 990 2374 an

39 2394 112 2454 labor
126 2391 167 2454 sit
179 2395 375 2474 competibilis
388 2413 457 2456 cum
475 2395 615 2475 jejunio.''
656 2396 744 2456 Circa
757 2413 844 2474 quam
858 2396 990 2474 proposi-

40 2473 144 2534 tionem
157 2475 296 2536 obsarrat
309 2469 502 2554 Smyaertiua
517 2475 655 2536 officiales
669 2475 816 2536 idiotismo
826 2475 989 2552 Hispanico

40 2552 144 2630 positos
158 2573 211 2632 pro
225 2554 365 2633 operariis
378 2555 570 2615 manualibus.

74 2632 128 2691 Ill.
153 2633 333 2712 supponitur
356 2634 560 2705 communiter,
585 2634 666 2713 quiid
686 2635 767 2694 labor
784 2632 988 2712 agricolarum,

39 2711 219 2772 labrorum&
231 2713 440 2792 operariorum,
464 2713 515 2793 qui
529 2713 665 2794 operibus
683 2714 811 2774 multum
825 2711 989 2791 defatigan-

40 2791 111 2850 tibns
122 2790 307 2862 incumbunt,
329 2792 369 2852 sit
382 2791 611 2876 incompatibilia
624 2798 650 2852 ot
664 2811 819 2864 excusans,
846 2793 991 2872 quantum

39 2871 73 2929 ad
84 2871 184 2949 plures
193 2871 413 2933 refectiones&
426 2873 528 2933 horam
545 2873 734 2942 refectionis;
757 2893 815 2933 non
830 2872 931 2950 quoad¹
940 2873 990 2934 ab·

40 2950 204 3011 atinentiam
215 2951 234 3010 a
246 2951 392 3022 omnbus,
407 2964 495 3031 prout
508 2953 692 3014 consuetudo
705 2953 802 3014 docet.

74 3029 125 3088 IV.
144 3029 242 3090 Ilbor
256 3030 415 3110 spiritualis
429 3051 483 3110 per
495 3031 646 3111 ingenium
659 3037 686 3090 oz
699 3031 870 3092 memoriam
888 3043 989 3110 potest

41 3128 98 3169 esse
111 3109 240 3170 mutum
252 3109 388 3189 fatigans,
410 3115 436 3170 a
449 3111 627 3172 exhauriens
641 3111 761 3191 spiritus
774 3111 888 3180 vitales,
910 3115 937 3169 u
950 3111 994 3170 ita

41 3207 178 3249 excusam
192 3189 352 3268 bjcjunior
372 3211 399 3249 v.
413 3211 442 3270 g.
455 3191 586 3252 studium
599 3195 626 3250 ἃ
639 3191 765 3252 attentio
778 3189 992 3252 concionatoris

42 3268 205 3345 quotidiani,
219 3273 272 3330 &c

75 3349 122 3406 An
136 3347 161 3408 is
170 3359 331 3410 excusatur
341 3347 360 3408 a
365 3349 488 3429 jejunio,
503 3351 553 3430 qui
562 3351 731 3430 specialiter
739 3350 782 3429 ipa
789 3353 927 3410 robustus
938 3362 993 3420 est,

42 3438 70 3486 ut
78 3447 147 3487 cum
160 3427 260 3488 labore
274 3427 356 3506 gravi
371 3430 525 3490 commode
539 3431 632 3509 possit
646 3433 802 3490 observare
811 3430 977 3510 jejunium?

74 3507 109 3564 V.
133 3505 171 3566 R.
185 3507 230 3567 La
244 3507 335 3568 Croix
349 3508 399 3569 lib.
411 3511 441 3567 8.
455 3529 484 3587 p.
498 3511 525 3569 2.
540 3531 569 3569 n.
585 3511 670 3569 1329.
683 3529 752 3570 eum
766 3521 899 3580 excusat,
925 3510 994 3588 quia

42 3585 92 3656 lex,
105 3586 155 3656 ait,
169 3585 292 3667 respicit
326 3589 385 3647 uod
399 3590 594 3649 communiter
608 3601 671 3659 est3
684 3601 825 3668 provocat
834 3592 995 3650 Patronum

44 3663 247 3743 Reginaldum;
268 3607 325 3726 seg
335 3667 386 3727 hic
398 3667 448 3728 lib.
461 3672 490 3726 4.
504 3689 532 3726 n.
545 3671 615 3727 216.
628 3671 809 3730 contrarium
824 3670 912 3729 docet
925 3687 994 3728 cum

43 3745 176 3804 Abulcnsi
189 3745 221 3804 in
235 3765 261 3806 c.
275 3749 305 3805 6.
315 3747 427 3806 Matth.
442 3759 545 3826 quaest
557 3749 622 3806 143.
636 3759 707 3808 tom.
723 3751 779 3808 13:
793 3749 830 3808 erl
846 3745 925 3826 quod
936 3747 993 3806 iste

42 3825 165 3887 robustus
185 3827 248 3906 jam
261 3826 444 3890 contraxerit
467 3827 677 3908 obligationem
691 3828 777 3908 legis,
801 3833 827 3887 δι
841 3827 898 3886 iste
912 3826 994 3886 labor
