2254 4072
129 163 188 220 426
551 179 660 222 runrx.

131 415 212 460 nuru.
597 321 626 378 G

128 480 188 537 276
214 475 296 538 Gula
310 475 467 556 opponitur
481 478 695 556 temperantiae,

209 555 349 634 Quinque
362 555 442 616 modi
457 575 511 616 seu
525 556 640 635 species
654 557 741 635 gulae,

210 636 361 701 Quantum
375 646 532 714 peccatum
547 635 586 695 sit
599 637 721 714 gulam...

129 717 189 772 664
214 714 322 774 Gratia
336 716 428 792 gratis
443 715 520 784 data,

597 871 628 930 H

409 1029 543 1091 HORAE
566 1030 812 1092 CANONICAE.

149 1190 190 1250 28
212 1189 303 1248 Horae
317 1187 475 1248 Canonioae
488 1199 558 1247 sunt
571 1199 696 1266 septem,
973 1230 1021 1248 ....
1060 1193 1096 1248 66

149 1270 189 1326 69
210 1268 260 1328 Ad
285 1267 387 1326 Horas
408 1265 573 1326 Canonicas
587 1266 762 1346 obligantur,
777 1267 828 1346 qui
842 1280 912 1328 sunt
925 1287 1022 1330 sacro

247 1345 362 1405 Ordine
376 1345 519 1424 insigniti,
687 1389 731 1406 .-
973 1391 1022 1408 .0-
1062 1352 1097 1410 64

209 1423 356 1485 Mulieres
370 1423 538 1496 Canonicae,
688 1439 732 1484 ..μ
973 1469 1022 1488 ....
1062 1429 1097 1488 ib.

149 1507 189 1564 66
211 1503 355 1583 Religiosi
370 1503 503 1582 professi,
689 1547 733 1562 ..a
973 1549 1023 1568 ...-
1062 1509 1097 1568 ils

210 1583 395 1652 Beneficinti,
410 1583 435 1641 si
448 1582 564 1644 fructus
577 1582 693 1660 possint
706 1583 869 1662 percipere,
972 1627 1020 1644 ....
1062 1589 1098 1646 65

149 1665 189 1722 64
210 1663 292 1722 Ante
316 1661 533 1722 institutionem
559 1681 613 1720 seu
627 1661 815 1722 collationem
828 1663 1016 1724 benefician-

249 1741 304 1800 dus
318 1761 377 1802 non
391 1741 547 1818 obligatur,
687 1783 730 1800 ..m
969 1785 1015 1802 ...-
1060 1747 1097 1804 66

149 1821 189 1878 46
210 1819 409 1880 Beneficiatus
430 1819 570 1892 omittens
592 1819 688 1890 horas,
713 1833 820 1900 peccat
833 1833 936 1882 contra
944 1825 1014 1901 jus·

249 1899 354 1969 titiam,
513 1941 556 1957 „0
751 1909 758 1918 '
792 1943 835 1960 ....
872 1904 921 1972 46,
935 1905 978 1960 66
992 1907 1020 1960 e
1037 1905 1098 1962 686

210 1977 353 2038 Recitans
378 1977 476 2039 Horas
490 1977 520 2036 in
534 1977 644 2038 affectu
657 1978 775 2056 peccati
789 1980 929 2050 mortalis,
949 2001 1013 2042 non

165 2089 171 2102 ι
248 2055 400 2126 satisfacit,
445 2098 488 2115 m„
598 2083 604 2094 ·
725 2099 767 2116 „m
806 2061 856 2130 47,
870 2061 918 2130 66,
933 2063 973 2118 76
988 2066 1016 2119 u
1032 2063 1094 2120 389

148 2137 188 2194 tt
209 2135 284 2194 Tres
298 2154 395 2195 causae
410 2146 589 2196 excusantes
603 2135 762 2196 allectione
777 2137 935 2207 Horarum,
965 2181 1011 2198 ....
1056 2144 1095 2200 66

148 2217 188 2274 46
210 2213 384 2291 Requiritur
397 2214 525 2274 attentio
539 2214 650 2292 triplex
663 2233 703 2276 ex
717 2227 802 2294 parte
816 2217 952 2296 subjecti,
967 2261 1012 2278 ....
1055 2222 1096 2278 64

148 2295 188 2352 46
210 2293 536 2372 Etexperteob'ecti,
684 2336 728 2353 „m
965 2339 1011 2357 ...
1054 2300 1094 2356 65

148 2375 186 2430 47
209 2371 373 2432 Distractio
388 2371 418 2430 in
466 2372 608 2450 orisquid
621 2372 719 2442 faciat,
966 2418 1011 2434 m.
1053 2380 1094 2434 67

148 2453 188 2509 66
210 2451 357 2531 Syncopa,
377 2493 420 2510 ....
508 2492 511 2503 =
686 2494 729 2510 m
967 2497 1012 2514 „-
1053 2458 1092 2514 61

209 2531 260 2590 An
273 2531 402 2591 recitans
416 2531 507 2590 debet
521 2531 650 2608 seipsum
664 2531 776 2602 audire,
966 2576 1011 2594 ....
1051 2537 1094 2594 62

147 2611 185 2667 61
209 2609 392 2702 Interruptio
405 2610 538 2668 mortalis
550 2610 621 2688 quid
634 2609 734 2677 faciat,
963 2655 1009 2672 ..-
1051 2616 1092 2672 66

147 2690 188 2746 52
209 2688 359 2749 Recitatro
374 2688 518 2748 Matutini
532 2700 602 2748 ante
616 2687 752 2758 Missam,
964 2734 1009 2750 ...
1049 2695 1092 2750 64

147 2769 187 2826 66
209 2767 342 2827 inversio
356 2768 506 2826 Horarum
521 2778 608 2827 extra
620 2767 753 2836 chorum,
964 2805 1009 2830 ..-..
1050 2773 1091 2830 66

208 2846 348 2907 Recitare
363 2845 490 2906 officium
498 2866 557 2924 pro
571 2846 665 2906 officio
679 2866 737 2907 non
751 2846 832 2916 licet,
965 2891 1009 2907 ..-
1051 2851 1090 2910 ib.

147 2928 188 2986 54
209 2925 352 2986 Recitans
366 2946 434 2986 cum
450 2925 538 2994 socio,
684 2967 728 2983 ...-
963 2967 1008 2986 ..e
1049 2931 1088 2988 66

146 3007 187 3063 66
209 3005 352 3064 Canonici
373 3005 540 3083 obligantur
561 3005 600 3064 ad
614 3004 793 3064 cantandum
808 3004 837 3064 in
852 3005 951 3076 choro,
964 3048 1008 3064 ...
1049 3010 1089 3066 68

147 3087 186 3143 67
209 3082 445 3144 Distributiones
459 3083 489 3140 in
504 3083 603 3152 choro,
683 3125 726 3142 ..,
963 3123 1009 3144 η..
1048 3089 1087 3143 76

147 3165 187 3221 68
208 3162 282 3222 Tem
306 3181 342 3221 us
355 3162 499 3222 recitandi
515 3161 613 3222 Horas
629 3161 803 3232 Canonioas,
963 3205 1008 3222 ....
1047 3167 1086 3223 76

148 3243 187 3299 66
210 3242 260 3300 An
277 3182 421 3302 §acerdos
435 3240 465 3299 in
480 3240 571 3300 Horis
589 3240 683 3318 possit
696 3260 750 3318 pro
765 3260 824 3300 uno
838 3241 1010 3320 specialiter

125 3400 184 3458 266
206 3339 346 3458 HQ}
369 3362 498 3478 ligantur
508 3397 622 3476 jejunio
638 3361 864 3468 Ecclesiasticm
878 3399 933 3459 sed
946 3363 1008 3460 nori
1046 3324 1085 3380 85

244 3477 378 3536 infideles
392 3495 450 3536 non
464 3476 615 3554 baptizati,
683 3518 726 3535 a..
926 3527 933 3540 ,
964 3521 1008 3538 m..
1027 3482 1086 3538 646

125 3555 181 3614 661
206 3553 617 3630 HumilitasoeJusgradus,
680 3595 723 3613 ...
962 3599 1006 3616 m.
1026 3561 1084 3616 688
