2256 4090
152 167 207 228 144
541 187 583 232 nt
604 189 698 234 voro.

190 325 226 385 V.
247 323 356 387 Votum
369 338 558 400 reservatum,
572 329 703 409 legitime
717 342 927 392 commutatum
937 335 963 392 ἃ
973 333 1103 393 trmrsla·

152 416 215 465 tum
228 406 267 464 ad
279 405 432 466 materiam
453 427 512 467 non
532 422 719 480 reservatam,
741 422 878 471 censetur
898 430 956 471 nou
969 411 1105 492 ampliris

151 495 341 555 reservatum,
352 485 421 566 quia
433 487 593 548 reservatio
615 489 817 562 consideratur
839 489 950 552 ratione
964 489 1105 553 materias

152 562 276 626 tentum.
315 565 362 627 lm
373 564 505 628 Smcbea
518 566 568 627 hb.
580 569 610 628 8.
623 589 653 628 n.
666 568 721 630 20(
754 569 878 630 bittunt
889 571 958 630 259.

152 799 191 860 N.
214 803 278 862 lto.
318 803 376 864 DE
397 803 744 946 COMMIJJdffldE
765 805 866 868 VOTl
893 805 1107 868 TEMPORE

153 1037 178 1098 I.
197 1037 251 1099 Ab·
309 1041 838 1122 mestiammoparomimpm.
868 1043 909 1106 II·
927 1044 981 1106 Al·

259 1121 319 1216 ido.
358 1121 709 1262 llilt’ondatbfoemu
727 1123 850 1201 dispersa.
889 1123 942 1186 1v.
991 1143 1109 1186 orama·

211 1199 469 1280 misertori-labri.
507 1201 544 1260 V.
593 1201 960 1283 mababoCoasctrorto.

193 1357 255 1417 AN
267 1358 457 1420 commutatio
469 1359 530 1420 voti
542 1359 572 1418 vi
594 1359 712 1422 Jubiloei
724 1360 869 1440 generalis
882 1360 901 1421 ὃ
913 1359 1111 1423 confessario

154 1435 234 1498 laeta
246 1451 416 1517 permaneat
427 1439 532 1510 valida,
542 1439 568 1498 si
581 1439 640 1510 iiie,
654 1440 702 1501 cui
716 1459 857 1501 concessa
877 1452 924 1501 est
936 1452 1110 1502 commuta·

155 1515 205 1587 tio,
218 1537 276 1578 non
290 1518 419 1580 lucretur
431 1517 599 1588 Jubiloeum,
622 1518 659 1579 ed
674 1517 754 1614 qurld
776 1537 865 1600 opera
882 1519 1025 1599 requisita
1039 1521 1113 1580 sive

154 1595 335 1658 conditiones
347 1595 465 1658 Jubiloei
477 1617 535 1658 non
549 1598 728 1677 perfecerit?

192 1675 217 1734 1.
237 1675 275 1735 R.
298 1678 324 1736 1.
345 1677 376 1740 si
389 1676 507 1737 illenon
517 1677 677 1741 intenderit
686 1677 793 1738 lucrari
802 1677 968 1749 Jubilaeum,
980 1679 1113 1758 quando

154 1754 214 1814 voti
241 1754 430 1817 commutatio
452 1756 532 1818 facta
558 1767 613 1827 est,
641 1757 830 1818 commutatio
854 1769 901 1818 est
927 1757 1016 1828 nulla,
1031 1757 1116 1838 quia

155 1831 293 1896 Pontifex
316 1835 366 1896 illa
388 1835 542 1917 privilegis
560 1855 619 1897 non
641 1837 778 1899 concedit
797 1837 854 1898 nisi
881 1837 912 1897 in
939 1837 1045 1898 ordine
1070 1837 1116 1898 ad

21 1965 25 1974 .
153 1911 318 1976 Jubilaeum.

194 1991 232 2052 lt.
251 1994 293 2052 2⁰.
324 1993 356 2054 si
378 1994 428 2056 ille
449 1994 567 2056 omittat
596 1994 810 2058 confessionem
842 1995 1116 2068 sacramentalem,

154 2070 325 2152 simpliciter
348 2075 537 2136 commutatio
559 2087 642 2137 caret
667 2075 785 2146 effectu,
810 2075 878 2156 quia
898 2075 929 2136 in
942 2075 1030 2137 Bulla
1055 2095 1117 2137 ex·

154 2152 255 2230 presse
268 2152 385 2214 additur
398 2154 628 2222 confessionibus
642 2154 798 2234 diligenter
811 2154 927 2216 auditis.

195 2230 274 2292 Nota
286 2232 417 2312 proinde,
439 2233 520 2313 qutid
539 2235 730 2295 commutatio
750 2246 819 2296 ante
841 2233 1063 2296 consessionem
1088 2241 1118 2294 ἃ

154 2309 365 2381 absolutionem
498 2313 559 2394 'pta
583 2333 642 2374 non
665 2313 815 2385 subsistat,
838 2313 894 2374 nisi
916 2325 982 2394 post
997 2313 1118 2374 Sacra·

155 2391 311 2450 mentalem
324 2392 395 2452 nbso
406 2391 537 2452 utionem
550 2392 746 2454 confinnetur.

193 2467 235 2528 11.
256 2469 294 2528 R.
313 2471 356 2529 ³⁰.
377 2470 483 2541 Silere,
502 2473 583 2532 facti
602 2472 785 2532 confessione
806 2476 832 2531 ἃ
852 2471 1120 2551 receptiabsolu-

155 2547 244 2618 tione,
258 2550 516 2612 conmutationem
537 2550 697 2611 obtinuerit
719 2571 787 2612 cnm
811 2551 973 2612 intentione
1025 2553 1118 2612 rsol·

155 2628 241 2688 vendi
255 2627 395 2708 requisita
416 2634 443 2688 ir
465 2631 648 2692 conditiones
673 2631 801 2700 anilaei,
824 2630 878 2690 sed
904 2630 972 2690 dein
994 2649 1120 2710 copus

154 2706 273 2788 aliquod
285 2729 313 2766 v.
326 2709 509 2788 midunium
528 2710 577 2770 die
597 2709 741 2781 sabbathi,
764 2709 837 2772 licet
858 2729 899 2772 ert
911 2729 931 2769 n
968 2709 1122 2788 ligentia,

154 2789 380 2926 norwrsolvat,
394 2787 511 2848 videtur
524 2789 682 2850 dicendum
696 2809 763 2850 cnm
786 2789 894 2850 Suarez
907 2729 1123 2868 ,aelaymam

156 2885 197 2944 qu
250 2867 439 2928 commutatio
451 2868 548 2928 valida
559 2869 707 2948 persistat,
721 2869 790 2948 qnia
813 2867 993 2948 simpliciter,
1017 2870 1123 2930 abso-

156 2944 219 3006 lute
232 2945 402 3025 &legitime
415 2948 605 3008 commutatio
618 2947 675 3008 ista
686 2948 766 3009 lacta
779 2959 833 3017 est,
852 2948 984 3042 adeoque
997 2947 1125 3010 habuit

156 3023 275 3103 plenum
289 3043 374 3086 suurn
385 3025 543 3096 ellectumr
563 3045 630 3088 nam
643 3026 767 3088 allectus
780 3045 838 3086 non
857 3038 965 3087 mansit
978 3044 1124 3106 suspen·

100 3145 103 3152 ,
157 3123 208 3164 sus
220 3105 257 3164 ab
269 3116 395 3174 eventus
414 3105 478 3166 fere
491 3105 579 3168 sicuti
592 3106 622 3166 in
646 3106 733 3166 simili
753 3125 825 3167 casu
842 3105 985 3168 absolutio
996 3105 1015 3165 ὲ
1030 3109 1124 3168 easi-

154 3183 211 3244 bus
224 3183 378 3246 reservatis
390 3183 474 3246 firma
486 3196 593 3246 manet

169 3303 170 3310 κ
196 3263 252 3322 111.
273 3263 414 3334 Observa,
428 3263 509 3344 qnod
521 3264 551 3323 in
566 3263 700 3325 Jubilaeis
720 3283 779 3324 aon
802 3264 888 3324 detur
907 3263 1125 3326 confessariis

306 3342 502 3424 dispensandi,
526 3345 579 3404 sed
601 3344 696 3404 solum
717 3343 916 3404 commutandi
936 3353 1007 3402 vota
1021 3363 1124 3422 quae-

246 3439 304 3482 non
318 3422 432 3492 omnla3
487 3427 609 3503 opierea
630 3423 729 3483 Tenor
749 3423 842 3482 nune
864 3421 988 3484 sollicite
1011 3422 1125 3503 inspi-

155 3501 279 3562 ciendus
291 3506 317 3561 dr
329 3441 495 3584 sequsndds
508 3514 573 3563 est:
593 3501 701 3584 deinde
723 3513 801 3572 nota,
825 3501 906 3581 qndd
923 3519 958 3562 ea
971 3519 1125 3564 commu-

156 3581 230 3642 tatio
242 3580 305 3675 lieri
319 3581 426 3642 debeat
439 3583 468 3640 in
480 3583 590 3676 bonnm
603 3580 855 3674 circiter-taquam.
