2244 4082
389 245 433 289 nn
454 245 633 290 menonem.
931 235 990 292 309

77 372 264 448 Obstetrices
289 385 413 467 AEgypti
435 388 533 448 Exodi
562 389 589 447 1.
611 407 671 448 non
692 390 993 453 suntexcusandaed

37 467 210 528 mendacio:
231 479 426 528 remunerate
449 479 520 527 sunt
541 467 645 562 dlleo
659 470 861 564 temporaliter
873 489 933 532 non
953 475 991 534 ob

35 547 235 619 mendacium,
250 546 303 608 sed
316 557 438 627 propter
451 549 624 627 obseqtnum
636 559 800 628 precntum
815 549 961 612 Hebraeie

118 785 158 845 N.
177 787 246 845 244.
286 783 345 845 DE
367 782 682 846 RESTRICTIONE
702 785 911 848 MENTALI.

36 943 61 1002 1.
82 944 239 1005 Rostriatt‘o
265 943 362 1004 malis.
414 943 456 1002 ΙΙ.
476 944 631 1004 Ηιιινιῗοιίο
651 944 730 1024 perd
754 947 895 1007 naualia.
934 949 991 1009 111.

97 1023 170 1084 Noa
196 1034 314 1084 temnat
340 1023 360 1082 d
385 1025 543 1083 mandacio.
596 1023 649 1082 lv.
669 1023 818 1104 Propoa't.
842 1027 991 1088 domnam.
1053 1092 1061 1110 N

97 1103 135 1162 V.
160 1103 256 1164 &aa
267 1102 602 1164 mammonam.
623 1104 675 1162 Vl.
693 1105 841 1176 Qum
859 1105 992 1170 Christus

97 1184 205 1242 drimrt't
216 1203 246 1242 se
257 1182 573 1261 mciredt‘emjudt'cii.
612 1181 869 1263 vltssspzioamr
886 1185 993 1250 rmus

97 1261 189 1324 loen.
203 1266 231 1321 7.
244 1283 273 1321 v.
282 1264 312 1322 8.

76 1341 335 1403 RESTRICTIO
350 1341 487 1402 mentalis
501 1341 610 1402 dicitur
618 1361 683 1402 esse
698 1341 817 1422 duplex,
826 1363 899 1424 pure
909 1366 991 1409 men·

35 1421 118 1493 talis,
132 1427 159 1480 dr
172 1441 231 1481 non
245 1423 319 1501 pure
331 1421 479 1492 mentalis,
494 1421 556 1481 sive
569 1421 667 1482 realis.

76 1502 103 1560 1.
127 1501 291 1562 Restrictio
303 1500 391 1561 realis
414 1501 552 1571 occurrit,
567 1501 637 1560 dum
651 1500 825 1574 enuntiatio,
847 1508 989 1584 spectatis

34 1580 109 1641 solis
122 1581 228 1650 verbis,
241 1580 316 1640 falsa
327 1591 384 1650 est,
398 1580 452 1640 sed
469 1581 698 1641 circumstantie
712 1596 901 1656 concurrunt,
926 1606 992 1667 quas

34 1659 216 1739 significant,
231 1659 343 1739 aliquid
356 1679 423 1720 esse
436 1659 725 1738 mbintelligendum,
741 1662 820 1740 quod
827 1663 951 1743 loquens
959 1667 991 1728 in

35 1751 141 1800 mente
156 1750 248 1810 tenet,
262 1745 297 1810 dr,
312 1757 371 1818 quo
384 1739 600 1810 subintellecto,
611 1740 778 1800 enuntiatio
797 1753 844 1802 est
856 1763 943 1808 veras
964 1767 992 1806 v.

34 1840 66 1897 g.
77 1820 210 1880 loannes
222 1834 357 1898 quaerens
367 1809 447 1879 illicd
456 1817 486 1877 in
496 1819 560 1880 foro
568 1819 647 1898 loqui
657 1817 755 1890 Petro,
770 1819 847 1900 petit
857 1821 875 1882 d
885 1823 991 1886 raum

36 1919 76 1958 an
91 1898 192 1974 vidisti
205 1899 351 1959 Petrum?
377 1899 487 1958 Paulus
510 1899 671 1977 respondet
691 1917 751 1959 non
763 1899 833 1972 ridi,
857 1906 992 1982 quemvis

35 1979 122 2038 illum
137 1977 245 2038 viderit
258 1977 323 2038 beri
335 1977 383 2038 vel
395 1991 466 2038 ente
484 1988 609 2057 quatuor
621 1977 716 2038 boras.

77 2057 157 2118 Haec
169 2057 321 2136 responsio
335 2057 396 2118 sive
419 2057 567 2117 restrictio
585 2058 672 2118 realis
685 2077 744 2118 non
760 2059 893 2122 contimt
906 2081 990 2137 men·
1119 2079 1120 2120 3

36 2137 169 2207 decium,
191 2137 260 2216 quia
273 2157 326 2216 per
339 2137 589 2198 circumstantiam
602 2137 725 2198 loannis
739 2139 899 2218 querentis
912 2141 992 2204 illicd
1091 2157 1101 2168 ‘

35 2217 120 2296 loqui
131 2217 230 2284 Petro,
244 2215 432 2294 restringitur
444 2216 483 2278 ad
495 2228 612 2296 tempus
622 2217 817 2302 propinquum
828 2243 836 2289 ι
845 2223 908 2298 jam
921 2223 992 2282 verb

34 2317 98 2356 non
109 2295 269 2357 solarerba
278 2296 390 2358 faciunt
399 2295 631 2358 enuntiationem
642 2317 707 2358 esse
718 2315 827 2381 veram,
839 2299 892 2359 sed
902 2302 992 2362 etiam
1119 2309 1120 2338 ³

33 2387 174 2436 externae
188 2375 416 2438 circumstantie
429 2395 483 2436 seu
496 2375 581 2455 signa
591 2375 830 2448 cmeomitantiu,
845 2383 924 2452 usus,
939 2377 991 2443 dcc.

34 2454 273 2534 consignificant.
894 2503 910 2516 .,

79 2534 164 2596 Hinc
177 2535 292 2614 collige,
312 2533 460 2613 quomodo
473 2535 654 2614 metaphora,
676 2535 854 2626 hyperbole,
868 2537 991 2619 eliaeque

38 2613 146 2692 figure
157 2614 324 2674 rhetorices
338 2633 397 2674 non
410 2614 582 2674 contineant
595 2614 758 2675 mendaera.

79 2693 122 2752 ll.
137 2693 299 2754 Restric'tio
313 2694 386 2772 pure
392 2693 531 2753 mentalis
545 2691 747 2763 committitur,
762 2693 833 2753 dum
846 2698 994 2776 profertur

36 2772 216 2844 enuntiatio,
231 2793 296 2852 quae
310 2773 453 2852 spectatis
466 2773 601 2833 omnibus
614 2773 842 2834 circumstantiis
855 2779 882 2835 dr
902 2777 995 2858 signis

39 2852 176 2912 externis
188 2852 263 2912 falsa
275 2863 331 2922 est,
346 2853 400 2912 sed
413 2852 462 2912 cui
475 2852 506 2912 in
519 2865 620 2912 mente
632 2853 781 2932 loquentis
793 2855 909 2916 interne
922 2858 995 2941 adji-

38 2932 121 2992 citur
135 2931 183 2991 vel
197 2931 428 3009 subintelligitur
440 2931 559 3010 aliquid,
574 2932 716 3012 perquod
728 2931 901 3005 fieretvera,
916 2939 995 3016 quod

39 3011 193 3071 internum
207 3021 305 3072 menen
319 3011 400 3070 nullo
421 3011 505 3090 signo
518 3011 722 3072 manifestatam
744 3023 797 3072 aut
807 3027 995 3078 connotatur.

39 3091 77 3149 V.
86 3111 119 3169 g.
133 3090 478 3170 loannesinterrogatus,
491 3109 529 3150 ιιιι
543 3090 631 3151 bodie
645 3089 751 3152 viderit
762 3092 892 3164 Petrum,
906 3115 995 3176 quem

39 3189 148 3230 revera
161 3169 253 3239 vidit;
274 3169 452 3248 respondet:
475 3190 533 3230 nou
547 3171 608 3228 vidi
628 3190 697 3231 eum
709 3171 808 3242 hodie,
829 3173 994 3236 ⁴subintelli-

39 3249 161 3326 gendot
176 3269 234 3310 non
245 3249 308 3308 ridi
322 3269 390 3310 eum
403 3249 492 3310 hodie
506 3248 542 3309 in'
551 3249 705 3329 Hispania,
718 3255 771 3311 dc.

80 3330 135 3387 An
148 3327 297 3388 restrictio
310 3329 384 3406 pure
398 3329 535 3390 mentalis
548 3341 673 3390 excusat
685 3329 704 3390 d
717 3330 895 3393 mendacio?

77 3408 140 3467 111.
164 3407 202 3466 R.
224 3407 380 3486 Negatird,
403 3408 475 3488 quia
487 3409 539 3468 illa
550 3409 697 3469 restrictio
712 3408 836 3478 ,interna
849 3413 929 3473 nullo
943 3434 995 3475 ex-

39 3499 129 3549 terno
143 3486 227 3566 signo
241 3487 454 3558 manifestatur,
468 3487 601 3566 adeoque
614 3507 672 3548 non
684 3489 896 3568 consignificat,
911 3494 997 3556 acite

41 3567 210 3626 enuntiatio
224 3578 350 3646 externe
363 3578 463 3627 manet
476 3567 650 3648 simpliciter
659 3569 746 3628 falsa.

79 3646 212 3726 Insuper
233 3665 288 3724 per
308 3645 523 3722 restrictionem
545 3647 619 3726 pure
647 3647 807 3709 mentalem
830 3652 997 3714 turbaretur

40 3725 175 3786 societas
188 3725 317 3785 humana
330 3725 435 3785 eodem
449 3726 545 3798 modo,
557 3745 615 3805 quo
629 3747 682 3806 per
695 3728 859 3790 mendacia.

81 3805 139 3863 IV.
181 3805 354 3865 “Probatur
373 3805 462 3866 etiem
477 3825 516 3864 ex
530 3805 718 3866 damnatione
740 3805 828 3886 hujus
842 3827 925 3888 prop.
947 3812 986 3869 36

42 3883 149 3946 Innoc.
172 3883 227 3943 XL
249 3883 274 3946 si
295 3884 360 3964 quis
373 3885 420 3946 vel
435 3884 514 3946 solus
527 3885 575 3946 vel
589 3905 686 3947 coram
700 3886 773 3960 aliis,
798 3886 859 3949 sive
874 3887 971 3951 interr·
