2236 4084
138 165 179 224 52
534 179 576 223 ns
596 179 693 225 aonrs

177 323 317 404 Igiturut
326 321 433 382 devotb
443 321 593 392 recitetur,
607 323 846 402 requiriturustrs
855 323 951 406 gratia
960 326 1068 390 actualis

137 409 165 464 a
174 402 241 463 finis
251 401 367 464 colendi
378 401 1069 470 Deum301lmdebeotcssesctus'virtutischris·

140 483 227 544 osne
242 481 414 562 Religionis,
441 486 468 540 ἃ
480 482 615 543 recitatio
628 485 709 544 mere
731 483 870 543 naturalis
887 503 944 544 non
964 485 1071 546 sufficiat

139 573 295 656 precepto·
314 571 334 656 ξ(
343 561 466 654 derotbs'
490 562 643 654 recitandi.
684 563 785 622 Status
811 565 911 641 gratita
932 563 1072 625 habitualis

139 641 843 802 ”lrlqbffullbr'exlelllrlloem'lbmubllbpom
856 721 940 791 san,
962 721 1074 792 mutto,

140 801 209 869 loci,
234 806 286 861 bc.
304 801 377 859 nihil
390 800 421 858 in
435 801 548 879 privata
560 801 732 861 recitatione
745 819 799 880 per
813 802 947 861 Canones
979 803 1076 864 raescri·

141 881 240 949 bitur3
253 879 312 960 qub
323 879 426 940 modus
435 891 534 940 tamen
548 880 578 938 in
592 880 723 940 oratione
733 880 826 958 magis
836 881 927 940 servit
981 880 1077 959 signifi·

142 961 268 1021 eandm
281 971 410 1020 noemam
424 959 645 1038 subjectionem,
666 965 693 1018 tir
706 960 766 1020 Dei
779 960 985 1020 excellentiam
1004 961 1079 1038 profi·

144 1039 274 1109 tendam,
295 1040 332 1100 eb
352 1039 446 1117 magis
463 1049 511 1099 est
530 1038 725 1108 conveniens;
745 1044 771 1098 a
785 1039 903 1117 quande
920 1039 951 1098 in
968 1039 1080 1098 rubricis

143 1120 290 1188 breuisrii,
304 1119 347 1179 sit
361 1119 469 1178 Susrez
483 1118 521 1178 dc
544 1119 619 1178 Hor.
633 1119 706 1179 Can.
720 1117 769 1178 lib.
782 1123 811 1176 4.
825 1137 853 1178 c.
864 1121 914 1176 27.
927 1139 958 1176 n.
970 1120 998 1187 2,
1010 1130 1081 1178 nota·

131 1209 194 1260 tur
206 1198 318 1277 aliquid
330 1197 488 1260 dicendum
501 1197 586 1258 flexis
604 1198 737 1278 genibus,
751 1197 783 1256 id
796 1197 954 1276 inprivata
966 1197 1082 1257 recitati-

145 1297 202 1339 one
216 1279 390 1339 servandum
403 1289 459 1347 est,
475 1277 501 1336 si
515 1278 668 1338 commode
681 1277 859 1415 fieripossit.

184 1357 238 1416 IV.
260 1357 368 1418 Utilior
381 1353 471 1417 etiam
485 1368 531 1416 est
544 1357 645 1426 oratio,
670 1377 735 1436 quoe
769 1357 825 1416 tin
840 1356 979 1436 Templo,-
998 1355 1084 1436 plures

145 1438 183 1498 ob
193 1456 310 1507 causam
323 1439 360 1497 ob
374 1437 623 1497 consecrationem
635 1436 760 1516 Templi,
774 1436 887 1496 ratione
897 1439 981 1515 cujus
995 1435 1085 1513 gratie

145 1517 278 1580 actuales
299 1516 477 1586 obtinentur,
499 1517 538 1577 ob
550 1515 718 1595 presidium
740 1516 922 1596 Angelorum
935 1521 962 1574 oz
977 1515 1087 1575 Smcto

146 1615 222 1667 rum,
235 1597 273 1656 ob
287 1595 459 1658 societatem
473 1595 595 1656 aliorum
609 1596 762 1666 orantium,
783 1599 837 1656 &c
850 1595 941 1674 'Lege
954 1597 984 1653 2.
1003 1595 1088 1654 Paral.

146 1679 177 1735 7.
190 1695 217 1738 c.
232 1675 367 1736 Christus
380 1675 455 1736 Luc.
471 1677 517 1734 19.
530 1695 558 1734 v.
571 1678 622 1734 46.
633 1676 784 1738 enuntiat:
808 1683 827 1712 “
838 1675 954 1736 Domus
967 1693 1034 1735 mea
1045 1673 1095 1733 do.

146 1774 213 1816 mus
227 1753 366 1816 orationis
380 1755 452 1816 est.”

187 1835 225 1894 V.
245 1835 315 1915 obj.
339 1835 431 1914 Apud
454 1835 565 1896 Matth.
589 1837 618 1894 6.
636 1855 665 1894 v.
687 1838 716 1894 6.
731 1833 866 1895 Christus
887 1834 988 1896 menz.
1001 1841 1091 1894 “cum

148 1915 285 1984 oraveris,
299 1914 377 1974 intra
390 1914 421 1991 in
435 1914 602 1975 cubiculum
615 1914 725 1976 tuum?

189 1993 227 2052 R.
241 1993 368 2054 Mandat
375 1993 663 2073 solummodofugam
674 1995 803 2055 locorum
814 1993 907 2054 inanis
917 1992 1027 2072 gloria,
1041 2011 1096 2051 non

149 2072 276 2152 Templi,
299 2073 415 2152 qnando
436 2073 467 2132 in
480 2093 516 2134 eo
540 2085 639 2134 oratur
652 2093 720 2136 cum
743 2073 926 2132 humilitate:
949 2072 1021 2132 hinc
1044 2083 1093 2138 est,

148 2153 229 2232 quod
243 2153 296 2212 SS.
321 2153 426 2212 Ambr.
438 2157 465 2211 or
479 2155 607 2233 August.
628 2173 681 2233 per
694 2152 862 2214 cubiculum
874 2151 1042 2231 intelligant
1054 2170 1095 2210 se·

149 2244 264 2293 cretum
275 2231 471 2293 conscientia.

189 2311 244 2370 Vl.
264 2311 300 2370 ln
323 2313 412 2373 choro
424 2312 473 2371 vel
493 2311 524 2370 in
538 2311 655 2391 publica
678 2312 808 2372 oratione
830 2310 976 2371 observari
992 2311 1096 2370 debent

149 2391 224 2452 ritus
239 2391 401 2461 Ecclesiae;
423 2391 519 2470 quoad
531 2393 659 2471 reliquos
672 2392 774 2452 modos
789 2392 818 2450 in
831 2392 921 2450 choro
934 2390 1042 2458 standi,
1056 2409 1096 2448 se·

151 2471 248 2540 dendi,
271 2471 403 2531 habitum
416 2471 547 2550 gerendi,
570 2476 622 2531 &c
646 2471 756 2532 debent
770 2471 900 2530 Decreta
915 2470 945 2529 S.
968 2469 1007 2528 R.
1028 2469 1096 2529 C.&

150 2561 262 2612 statuta
270 2549 456 2628 particularia
464 2550 604 2610 locorum.
635 2552 757 2611 Extrav.
767 2569 842 2610 eom.
855 2550 906 2609 lib.
918 2551 948 2607 8.
958 2561 980 2609 t
992 2551 1019 2607 l.
1030 2568 1096 2627 prae·

152 2631 261 2710 cipitur
275 2639 293 2667 ‘⁶
302 2630 435 2690 modesta
448 2630 574 2710 gravitas
585 2629 610 2699 ;'’
631 2631 661 2689 in
676 2631 768 2692 Cone.¹
782 2629 870 2688 Basll.
885 2647 955 2688 sess.
968 2630 1019 2687 21.
1034 2649 1061 2688 c.
1073 2630 1096 2685 3.

151 2709 277 2786 legitur:
292 2709 389 2768 Horas
405 2708 567 2770 Canonicas
581 2709 697 2778 dicturi,
712 2727 779 2770 cum
794 2709 893 2769 tunica
906 2707 991 2768 talari
1004 2727 1041 2767 ac
1054 2728 1096 2766 su·

154 2787 332 2868 perpelliciis
346 2789 464 2848 mundis
485 2787 563 2848 ultra
585 2789 696 2849 medias
719 2789 805 2848 tibias
828 2788 875 2847 vel
888 2787 982 2866 longis
991 2787 1096 2865 cappis,

148 2867 1096 3026 ...um

154 3027 245 3087 Horae
259 3027 289 3086 in
303 3027 451 3087 communi
468 3027 586 3106 publice
601 3039 764 3099 cantantur,
788 3025 868 3108 legat
881 3025 928 3085 vel
952 3025 1032 3092 dicat
1046 3025 1096 3104 pri·

153 3107 243 3166 vatim
259 3105 395 3166 Officium
408 3111 460 3166 &c

193 3185 263 3244 VII.
278 3185 371 3245 Notat
384 3185 429 3246 La
443 3185 533 3247 Croix
545 3187 596 3246 lib.
608 3190 637 3245 4.
651 3207 680 3245 n.
695 3187 781 3245 1345.
796 3183 875 3265 quod
888 3185 918 3244 in
931 3184 1096 3245 recitatiom

156 3265 304 3324 Horarum
320 3265 392 3324 Can.
411 3265 528 3336 Psalmi,
552 3265 666 3346 Hymni
680 3267 824 3330 &Preces
839 3265 897 3326 dlci
912 3265 1038 3324 debeant
1047 3263 1096 3341 sig·

81 3359 86 3374 ⁸
154 3344 313 3413 nificative,
337 3344 390 3404 sed
400 3345 524 3406 sufficiat
537 3345 685 3406 Historias
695 3346 864 3413 lectionum,
875 3342 1096 3404 adhortationes

155 3423 370 3502 increpationes
379 3423 478 3484 dicere
495 3425 649 3486 recitative
658 3425 895 3504 &materialiten
910 3423 1011 3486 verum
1021 3421 1052 3481 id
1062 3421 1096 3478 in*

156 3501 256 3581 tellige
270 3501 319 3570 ita,
334 3513 367 3560 ut
380 3515 549 3580 perseveret
561 3503 823 3569 voluntascolendi
837 3501 936 3564 Deum
952 3499 999 3570 rel
1014 3501 1096 3564 Sanc·

157 3594 201 3668 tos
216 3601 268 3661 per
281 3579 482 3642 recitationem
499 3583 593 3644 istam.
