2246 4096
315 233 321 244 Ν
374 179 415 222 uu
435 165 645 224 tunsusmo.
924 151 979 224 189

32 321 77 384 vel
91 321 172 383 circa
186 313 325 384 occidens
339 319 508 382 redundans
520 310 550 380 in
565 307 766 390 substantiam,
782 307 983 400 juramentum
1110 323 1111 332 ’

32 403 156 464 eatenus
167 413 215 462 est
224 401 346 470 nullum,
356 402 444 480 idque
455 401 517 461 sive
529 401 693 479 ignorantia
701 411 753 459 snt
760 419 841 460 error
852 401 891 460 sit
900 413 983 462 ante-

31 482 220 544 cedens-sive
233 481 453 560 concomitans*
466 479 640 540 invincibilis
659 491 712 539 sut
726 480 814 554 etism
828 480 983 552 vincibilis,

33 562 102 640 quis
126 560 280 622 attestatio
297 559 457 639 juramenti
472 571 518 620 est
539 571 624 620 sotus
638 559 807 622 intellectus
831 561 984 639 requirens

33 640 199 701 scientiam.
256 694 264 716 ,

69 715 113 778 11.
123 721 155 779 Si
170 719 231 780 sint
241 720 337 779 solnm
348 715 581 788 circumcidens,
591 736 650 777 non
660 719 767 778 tollunt
777 717 985 796 obligationem

30 797 194 879 juramenti
221 799 300 861 circo
327 799 528 869 substantiam,
557 797 643 858 modo
665 809 781 859 caeterae
803 799 985 860 conditiones

73 960 125 1018 An
132 961 332 1038 juramentum
343 957 541 1017 Israelitarum
549 957 679 1018 Josueu.
691 957 987 1022 fectumGsbeiinitis

35 1038 126 1098 fuerit
138 1039 267 1098 validum
282 1058 335 1098 seu
348 1037 562 1116 obligatorium.

74 1118 132 1176 ΠΙ.
143 1119 182 1176 it.
193 1117 386 1178 Abtdensis&
401 1117 518 1197 Sylvius
527 1116 674 1188 sustinent
684 1117 757 1176 iilud
767 1137 824 1176 nou
838 1116 929 1178 fuisse
937 1137 987 1178 va·

36 1197 128 1256 lidum
143 1198 205 1257 sive
219 1195 431 1275 obligatorium,
447 1195 483 1255 ed
493 1195 573 1274 qudd
582 1199 782 1275 juramentum
792 1196 864 1255 iilud
875 1197 914 1257 sit
926 1198 986 1258 fac·

38 1288 99 1335 tum
115 1298 185 1338 cum
199 1296 296 1338 errore
307 1296 345 1336 ex
359 1275 426 1335 dolo
439 1276 680 1352 Gabaiinitarurn,
694 1280 719 1334 oz
734 1275 802 1354 quia
814 1276 932 1338 videtur
942 1277 988 1336 fu·

37 1357 94 1416 isse
109 1367 407 1456 contrapraecepturp
428 1354 488 1415 Dei
510 1355 635 1416 Deuter.
659 1359 687 1414 7.
709 1363 795 1418 “non
809 1355 895 1416 inibis
919 1377 987 1418 cum

37 1433 387 1593 e1ssffipppbpppggoeepsup
399 1513 497 1592 plures
511 1513 654 1592 ‘ilreologi
665 1533 732 1574 cum
747 1527 847 1576 sancto
862 1517 988 1576 Ambro-

36 1595 79 1654 sio
94 1595 205 1655 docent
217 1594 309 1654 fuisse
323 1593 538 1672 obligatorium,
549 1599 577 1652 c
592 1593 696 1654 dicunt
708 1613 837 1654 errorem
850 1599 876 1653 tiz
890 1595 988 1656 dolum

37 1669 241 1734 ta'ntummodd
255 1673 346 1732 fuisse
360 1673 439 1732 circs
452 1673 589 1733 occidens
604 1673 668 1734 sive
682 1673 850 1732 distantium
864 1670 930 1734 loci.

77 1753 274 1834 Respondent
297 1753 335 1811 sd
357 1752 552 1834 objectionem
576 1771 615 1813 ex
629 1753 755 1813 Deuter.
779 1755 806 1810 7.
829 1753 902 1813 illud
915 1755 989 1832 prd-

37 1845 158 1911 ceptum
173 1853 238 1894 esse
261 1824 484 1910 intelligendum
506 1833 668 1894 secundum
689 1833 919 1893 moderationem
938 1853 989 1893 ex·

37 1907 169 1992 pressdm
183 1913 308 1972 Deuter.
331 1914 380 1972 20.
394 1927 422 1969 v.
439 1913 483 1970 ll.
497 1913 553 1972 nisi
568 1913 682 1974 Gentes
696 1908 867 1991 aperuerint
878 1925 987 1992 portos,

35 1997 61 2050 d
74 2011 108 2052 se
132 1992 322 2072 subjecerint,
347 1992 427 2070 quod
449 1992 622 2053 ansiinitae
642 1991 862 2070 prestiterunt:
886 1993 945 2074 imo
961 1994 990 2066 S.

35 2075 116 2151 Aug.
129 2072 282 2132 existimat
295 2071 417 2134 eusdem
430 2072 595 2152 suscepisse
607 2091 706 2132 versrn
720 2072 779 2131 Dei
792 2072 891 2132 iidem.

39 2291 75 2348 N.
100 2291 169 2350 156.
203 2289 261 2350 DE
283 2289 574 2352 OBLIGATIONE
593 2291 845 2354 JURAMiENTI
865 2293 990 2352 FACTI

318 2369 412 2430 SINE
442 2366 716 2432 INTENTIONE.
899 2399 902 2408 ·

36 2550 61 2608 1.
81 2541 343 2628 Trinummo.
373 2549 414 2609 11.
427 2531 545 2610 Ju'mn
558 2549 992 2626 umsmmumsmpenusot

99 2627 181 2704 liyat.
221 2629 278 2686 ΙΙΙ.
297 2628 415 2688 lurum.
433 2631 496 2688 sine
506 2629 660 2688 inunum
671 2647 700 2688 sc
712 2629 866 2706 odliqandi,
878 2629 992 2722 obliqui.

77 2787 140 2846 AN
156 2787 265 2866 obligat
274 2791 475 2866 juramentum
485 2787 596 2846 facum
610 2786 673 2846 sine
687 2786 876 2848 intentione?

81 2869 107 2945 l¹
129 2867 167 2926 tt.
189 2867 311 2944 Triplex
325 2867 449 2927 intentio
463 2865 587 2943 intelligi
602 2873 718 2946 potest:
774 2869 778 2878 '

81 2949 120 3004 la.
142 2947 273 3006 Intentio
282 2965 341 3006 non
347 2948 484 3026 jurandi;

79 3028 121 3083 2³.
143 3026 274 3085 Intentio
288 3045 346 3085 non
360 3027 508 3105 obligandi
522 3045 554 3085 se
564 3049 577 3096 ς·

80 3107 123 3163 3ι.
144 3106 274 3164 Intentio
288 3125 346 3166 non
360 3106 539 3185 adimplendi
549 3108 758 3183 jtnsmentum.

84 3185 123 3242 II.
137 3185 259 3245 Certum
274 3197 328 3255 est,
343 3185 423 3264 quod
436 3185 548 3264 obliget
552 3187 762 3263 juramentum,
776 3183 824 3244 cui
835 3184 920 3246 deest
934 3187 995 3247 sola

42 3264 170 3325 intentio
180 3265 359 3344 adimplendi
369 3267 586 3344 juramentum:
601 3264 669 3342 quia
678 3267 878 3342 juramentum
889 3266 995 3326 &obli-

42 3343 122 3422 gatio
138 3347 202 3422 ejus
215 3355 338 3424 possunt
352 3347 512 3405 subsistere
525 3344 591 3404 sino
603 3343 711 3403 effectu
725 3343 921 3422 impletionis:
945 3367 994 3406 ve·

42 3435 210 3484 rumtamen
222 3435 284 3484 tum
295 3425 393 3486 taliter
400 3427 502 3503 jurans
511 3423 674 3483 mortaliter
684 3433 791 3502 peccat
798 3436 922 3501 peccato
930 3445 995 3506 per·

41 3503 108 3580 jurii
123 3503 244 3598 proprii
258 3505 337 3574 dicti,
354 3505 422 3582 quis
435 3505 520 3564 deest
533 3509 633 3564 comes
645 3502 788 3562 veritatis

82 3583 139 3642 111.
161 3583 303 3644 Similiter
312 3588 514 3663 juramentum
529 3583 592 3643 sine
605 3582 769 3642 intentione
780 3594 832 3642 sut
844 3585 995 3646 voluntate

45 3663 177 3722 interiori
192 3683 223 3722 se
238 3664 385 3742 obligandi
399 3664 563 3742 praestitmn
576 3663 686 3722 homini
700 3665 725 3720 tr
738 3673 934 3742 acceptatum,
949 3677 996 3724 est

45 3742 263 3820 obligatorium
273 3745 340 3822 quis
349 3743 488 3822 obligatio
496 3743 629 3823 sequitur
637 3743 762 3803 natm-ali
771 3743 948 3802 necessitate
957 3765 995 3804 ex

40 3825 209 3898 juramento
223 3823 253 3882 in
266 3824 389 3885 materia
403 3823 482 3886 illius
494 3823 604 3904 capaci,
627 3821 787 3904 quomodo
801 3841 840 3884 ex
859 3822 937 3882 sustu
951 3841 988 3883 se·

283 3965 294 3999 1
