2246 4096
356 176 399 222 oa
419 174 629 224 sussunuro.
651 217 654 220 .
917 164 972 221 179
989 245 991 248 Ι

36 327 79 408 qui
91 325 126 384 de
138 295 213 382 novo
226 321 261 380 iit
279 319 351 382 civis
364 319 487 400 alicujus
501 319 636 390 civitatis,
659 339 717 384 uon
731 320 876 402 obligatur
890 322 973 413 quasi

34 406 75 486 (id
88 414 133 463 est
145 398 309 485 quatenus)
327 403 496 480 juramento
509 398 547 460 ad
569 401 712 480 servanda
725 420 769 472 ea,
792 421 857 480 quae
870 401 975 462 civrtas

30 483 145 564 juravit}
159 479 297 541 tencatur
305 492 404 540 tamen
418 499 457 565 ex
468 479 594 560 quadam
607 471 750 540 fidelitate
764 481 802 541 ob
811 479 975 541 communi·
998 539 999 544 ,

32 563 168 624 ostionem
181 561 310 621 inbonis
323 559 499 620 &oneribus
513 555 649 620 ciuitatis.

62 642 152 716 ILAn
162 659 348 722 successores
359 629 525 720 obligantur
530 642 698 720 juramento
708 639 972 718 praedecessorum?

62 721 99 780 lt
123 717 266 780 Similiter
280 715 492 800 quddproprid
505 717 744 796 nousobligeutur
758 731 860 778 eorum
874 736 974 798 perso·

32 801 83 862 nali
92 803 281 879 juramento:
295 797 429 858 sitamen
444 789 633 864 accedatalia
645 797 785 876 obligatio
799 815 837 858 ex
851 797 974 878 promis·

31 881 113 950 sione,
124 879 203 958 iege,
211 888 302 971 pacto
314 877 362 958 vel
369 873 472 940 ‘debito
480 877 562 947 reali,
576 878 700 939 catenus
709 877 830 955 obligari
841 887 973 1015 possunt,

30 970 110 1040 prout
122 958 235 1018 accidrt
245 957 280 1016 in
287 961 455 1037 juramento
469 957 632 1017 accessorio
650 959 836 1026 contractum
862 965 922 1016 tem
937 977 975 1018 ex

27 1045 186 1119 juramento
217 1051 250 1098 er
262 1038 382 1098 modurn
396 1036 457 1095 voti
472 1033 569 1105 realis,
584 1035 706 1128 exurgit
719 1036 860 1116 “quadam
869 1035 899 1094 in
913 1037 973 1096 bae·

29 1119 152 1254 redibrg's8
164 1057 313 1196 obligatio.
354 1115 535 1177 Secundum*
548 1115 627 1199 quod
641 1115 754 1178 dictum
778 1125 825 1176 e'st
847 1116 885 1178 de
906 1127 976 1176 voto

29 1218 99 1260 nun.
154 1238 163 1254 .

61 1273 114 1336 ΠΙ.
140 1275 220 1336 Uter
233 1272 379 1354 obligatur
388 1277 566 1353 juramento,
589 1273 707 1356 quando
721 1273 899 1344 Procurator
913 1276 975 1338 sive

29 1355 226 1416 Mandatarius
236 1357 318 1433 J’urat
329 1373 370 1414 ex
378 1353 582 1415 commissione
596 1354 642 1412 sui
656 1353 854 1432 Principalis?

60 1435 95 1494 R„
117 1433 296 1513 Principalis
309 1433 468 1494 mandans:
491 1434 560 1513 quia
579 1433 643 1512 ipse
657 1444 795 1493 censetur
805 1435 906 1511 J'urare
920 1451 975 1512 per

27 1515 116 1576 alium.
147 1515 197 1574 Ita
209 1513 319 1574 accidit
331 1533 360 1572 v.
369 1533 398 1592 g.
406 1513 476 1573 dum
491 1531 567 1573 unus
581 1511 698 1572 nomine
710 1513 831 1573 ulterius
845 1513 976 1574 introdu-

27 1594 95 1656 citur
108 1593 140 1653 in
155 1593 372 1674 possessionem
387 1593 537 1663 Beneficii,
559 1594 734 1655 Procurator
747 1611 806 1652 non
820 1591 977 1672 obligatur.

59 1674 93 1732 ln
107 1673 286 1754 quibusdam
295 1669 412 1734 casibus
422 1675 623 1752 Jursmentum
634 1691 687 1765 per
700 1672 789 1732 aliurn
803 1691 862 1750 nou
872 1671 977 1733 admit-

26 1755 108 1815 titur:
123 1773 159 1812 v.
172 1774 202 1832 g.
216 1753 246 1814 iu
257 1771 331 1814 casu
340 1752 501 1831 juramenti
510 1752 660 1832 judiciahs
674 1751 832 1813 assertorii.
956 1815 959 1826 ¹

59 1831 112 1892 1v.
128 1831 302 1914 Capitulum
316 1843 416 1912 potest
426 1834 525 1910 jurare
536 1851 589 1912 per
603 1849 671 1892 suos
685 1831 855 1910 deputatos,
870 1835 896 1889 dr
907 1829 979 1890 obli·

26 1923 126 1992 gantur
141 1929 246 1973 omnes
261 1911 454 1990 Capitulares,
477 1911 569 1974 etiam
582 1910 612 1980 ii,
628 1909 680 1992 qui
693 1909 863 1989 suffragium
877 1911 979 1984 adver·

26 2013 82 2052 sum
90 1991 261 2052 dederunt:
276 1990 345 2072 quia
358 2006 519 2052 consensus
529 1989 646 2070 majoris
660 1979 752 2070 partis
760 2001 807 2050 est
816 2009 977 2051 consensus

26 2071 202 2150 &obligatio
216 2070 315 2140 totius,
326 2070 541 2148 juxuleges&
555 2080 667 2130 statuta
680 2069 825 2151 Capituli;
839 2073 864 2128 a
878 2069 920 2130 its
929 2071 977 2152 ju-

27 2162 193 2210 ramentum
208 2149 281 2210 illud
293 2161 341 2210 est
354 2149 392 2210 de
405 2149 520 2210 actibus
534 2149 724 2228 singulorum.

60 2231 96 2288 V.
110 2231 198 2290 Dum
213 2226 409 2311 Magistratus
423 2225 551 2289 civitatis
566 2239 706 2310 tanquam
721 2228 895 2306 Superiores
909 2227 980 2300 civi·

26 2309 88 2371 tatis
108 2308 227 2393 aliquid
235 2311 345 2389 jurant,
369 2328 427 2368 uon
451 2329 568 2388 semper
589 2308 658 2370 ideo
672 2307 779 2387 singuli
803 2307 884 2368 cives
906 2307 977 2370 obli-

26 2401 128 2468 gantur
147 2391 319 2468 ju‘ramento
334 2387 520 2466 singulariter
542 2393 568 2451 a
582 2387 706 2458 divisim,
729 2387 839 2450 nisiex
854 2387 980 2466 quadam

25 2467 226 2530 fidelitatevel
240 2467 425 2530 obedientia:
460 2467 509 2529 uia
514 2471 715 2546 Juramentum
725 2465 798 2526 illud
808 2466 982 2549 supponitur

27 2567 80 2608 non
93 2567 168 2608 esse
183 2547 221 2609 de
235 2546 349 2610 actibus
363 2485 543 2626 singrllorum
558 2547 682 2617 divisim,
707 2546 760 2608 sed
773 2565 851 2627 saepe
866 2557 980 2612 tantum
1031 2567 1033 2580 ⁴

29 2629 62 2688 de
75 2638 151 2689 actu
164 2626 354 2720 superiorum
367 2625 414 2686 vel
423 2625 461 2686 dc
475 2637 545 2690 actu
557 2623 775 2692 communitatis
789 2625 820 2683 in
834 2625 981 2686 communi

25 2709 80 2766 sive
95 2705 297 2784 collegraliter
303 2727 317 2772 3
330 2711 356 2768 dt
370 2705 412 2782 ita
426 2705 450 2766 si
461 2705 534 2769 ciuis
548 2705 692 2786 quispiam
704 2704 838 2776 militiam
852 2716 982 2766 assumat

25 2790 74 2846 sub
88 2787 151 2864 alio
167 2785 314 2864 Principe,
339 2804 397 2845 uon
410 2785 537 2846 habetur
551 2797 710 2864 propterea
723 2803 760 2864 pe
777 2787 867 2856 urus,
892 2803 981 2877 quan·

25 2865 130 2928 tumvis
148 2863 347 2943 Magistratus
356 2863 503 2958 juraverit
516 2865 692 2928 fidelitatem
707 2882 768 2924 suo*
799 2863 916 2942 rincipr.

59 2946 112 3004 VI.
135 2943 201 3010 Qui
210 2947 292 3024 jurat
306 2943 455 3024 Episcopo
477 2944 534 3005 loci
556 2943 703 3024 quatenus
727 2941 875 3024 Episcopo
896 2942 981 3002 istius

25 3026 78 3084 loci
89 3023 302 3093 obedientiam,
316 3021 462 3101 obligatur
477 3043 516 3084 ex
525 3023 630 3086 eodem
640 3027 809 3117 Juramento
818 3021 981 3084 successori

24 3105 176 3184 Episcopo
189 3101 227 3162 ad
236 3102 361 3162 eandem
371 3103 586 3166 obedientiam:
601 3123 670 3184 quus
677 3101 822 3181 obligatur
833 3099 991 3182 Dignitati‘

26 3203 74 3242 seu
89 3183 167 3244 Sodi
182 3180 359 3261 Episcopali,
374 3202 440 3261 quae
453 3193 624 3262 perseverat
637 3183 668 3242 in
680 3183 877 3252 Successore:
902 3179 980 3240 simi-

25 3263 88 3324 liter
103 3263 132 3322 si
157 3261 321 3340 Episcopus
345 3260 402 3321 iste
416 3261 532 3322 desinat
556 3281 621 3322 csse
636 3261 800 3343 Episcopus
815 3259 900 3324 istius
913 3257 981 3331 loci,

26 3343 137 3406 desinit
146 3340 286 3424 obligatio
295 3341 457 3423 juramenti
469 3341 508 3406 ad
522 3341 626 3424 ipsum.
