<?xml version="1.0" encoding="UTF-8"?>
<!DOCTYPE html PUBLIC "-//W3C//DTD XHTML 1.0 Transitional//EN"
    "http://www.w3.org/TR/xhtml1/DTD/xhtml1-transitional.dtd">
<html xmlns="http://www.w3.org/1999/xhtml" xml:lang="en" lang="en">
 <head>
  <title>
</title>
<meta http-equiv="Content-Type" content="text/html;charset=utf-8" />
  <meta name='ocr-system' content='tesseract 3.04.00' />
  <meta name='ocr-capabilities' content='ocr_page ocr_carea ocr_par ocr_line ocrx_word'/>
</head>
<body>
  <div class='ocr_page' id='page_1' title='image "./theologiamorali04densgoog_0076.png"; bbox 0 0 2236 4084; ppageno 0'>
   <div class='ocr_carea' id='block_1_1' title="bbox 424 142 1000 218">
    <p class='ocr_par' dir='ltr' id='par_1_1' title="bbox 424 142 1000 218">
     <span class='ocr_line' id='line_1_1' title="bbox 424 142 1000 218; baseline 0 -20"><span class='ocrx_word' id='word_1_1' title='bbox 424 149 604 200; x_wconf 72' lang='lat' dir='ltr'>cnuonrcrs.</span> <span class='ocrx_word' id='word_1_2' title='bbox 959 142 1000 218; x_wconf 57' lang='grc' dir='ltr'>ᾤ</span> 
     </span>
    </p>
   </div>
   <div class='ocr_carea' id='block_1_2' title="bbox 36 295 998 696">
    <p class='ocr_par' dir='ltr' id='par_1_2' title="bbox 36 295 998 696">
     <span class='ocr_line' id='line_1_2' title="bbox 38 295 997 376; baseline 0.001 -20"><span class='ocrx_word' id='word_1_3' title='bbox 38 295 116 356; x_wconf 83' lang='lat' dir='ltr'>curis</span> <span class='ocrx_word' id='word_1_4' title='bbox 130 299 159 354; x_wconf 64' lang='grc' dir='ltr'>ἃ</span> <span class='ocrx_word' id='word_1_5' title='bbox 173 311 263 357; x_wconf 89' lang='lat' dir='ltr'>onere</span> <span class='ocrx_word' id='word_1_6' title='bbox 277 295 416 376; x_wconf 77' lang='lat' dir='ltr'>pastorali</span> <span class='ocrx_word' id='word_1_7' title='bbox 434 297 600 376; x_wconf 84' lang='lat' dir='ltr'>perplures</span> <span class='ocrx_word' id='word_1_8' title='bbox 623 315 716 370; x_wconf 77' lang='lat' dir='ltr'>annos</span> <span class='ocrx_word' id='word_1_9' title='bbox 729 295 901 366; x_wconf 89' lang='lat' dir='ltr'>distentum,</span> <span class='ocrx_word' id='word_1_10' title='bbox 922 317 997 359; x_wconf 89' lang='lat' dir='ltr'>nun-</span> 
     </span>
     <span class='ocr_line' id='line_1_3' title="bbox 38 373 998 454; baseline 0.004 -20"><span class='ocrx_word' id='word_1_11' title='bbox 38 393 125 454; x_wconf 85' lang='lat' dir='ltr'><strong>quam</strong></span> <span class='ocrx_word' id='word_1_12' title='bbox 155 373 294 438; x_wconf 90' lang='lat' dir='ltr'>habuisse</span> <span class='ocrx_word' id='word_1_13' title='bbox 322 376 530 438; x_wconf 85' lang='lat' dir='ltr'>necessitatem</span> <span class='ocrx_word' id='word_1_14' title='bbox 567 376 677 436; x_wconf 81' lang='lat' dir='ltr'>libandi</span> <span class='ocrx_word' id='word_1_15' title='bbox 709 375 775 438; x_wconf 83' lang='lat' dir='ltr'>haec</span> <span class='ocrx_word' id='word_1_16' title='bbox 804 375 998 440; x_wconf 86' lang='lat' dir='ltr'>Sacrosancta</span> 
     </span>
     <span class='ocr_line' id='line_1_4' title="bbox 37 453 996 536; baseline 0.003 -23"><span class='ocrx_word' id='word_1_17' title='bbox 37 453 189 534; x_wconf 85' lang='lat' dir='ltr'>Mysteria</span> <span class='ocrx_word' id='word_1_18' title='bbox 213 467 282 516; x_wconf 88' lang='lat' dir='ltr'>ante</span> <span class='ocrx_word' id='word_1_19' title='bbox 301 455 494 518; x_wconf 64' lang='lat' dir='ltr'>‘Matutinoie</span> <span class='ocrx_word' id='word_1_20' title='bbox 517 455 654 518; x_wconf 89' lang='lat' dir='ltr'>Officium</span> <span class='ocrx_word' id='word_1_21' title='bbox 678 457 870 536; x_wconf 74' lang='lat' dir='ltr'>persolutum.</span> <span class='ocrx_word' id='word_1_22' title='bbox 910 457 996 518; x_wconf 85' lang='lat' dir='ltr'><strong>Idem</strong></span> 
     </span>
     <span class='ocr_line' id='line_1_5' title="bbox 37 533 994 615; baseline 0.004 -21"><span class='ocrx_word' id='word_1_23' title='bbox 37 533 159 596; x_wconf 86' lang='lat' dir='ltr'>eveniet</span> <span class='ocrx_word' id='word_1_24' title='bbox 172 535 307 596; x_wconf 83' lang='lat' dir='ltr'>omnibus</span> <span class='ocrx_word' id='word_1_25' title='bbox 322 535 371 615; x_wconf 85' lang='lat' dir='ltr'>qui</span> <span class='ocrx_word' id='word_1_26' title='bbox 385 535 477 596; x_wconf 88' lang='lat' dir='ltr'>semel</span> <span class='ocrx_word' id='word_1_27' title='bbox 485 535 712 601; x_wconf 84' lang='lat' dir='ltr'>sollicitudinem</span> <span class='ocrx_word' id='word_1_28' title='bbox 721 535 934 615; x_wconf 75' lang='lat' dir='ltr'>assumpserint</span> <span class='ocrx_word' id='word_1_29' title='bbox 946 555 994 598; x_wconf 88' lang='lat' dir='ltr'>re·</span> 
     </span>
     <span class='ocr_line' id='line_1_6' title="bbox 36 613 955 696; baseline 0 -22"><span class='ocrx_word' id='word_1_30' title='bbox 36 613 152 682; x_wconf 83' lang='lat' dir='ltr'>citandi</span> <span class='ocrx_word' id='word_1_31' title='bbox 166 614 351 678; x_wconf 84' lang='lat' dir='ltr'>Matutinuns</span> <span class='ocrx_word' id='word_1_32' title='bbox 365 615 497 696; x_wconf 83' lang='lat' dir='ltr'>Vespere</span> <span class='ocrx_word' id='word_1_33' title='bbox 511 615 660 686; x_wconf 81' lang='lat' dir='ltr'>anteriori,</span> <span class='ocrx_word' id='word_1_34' title='bbox 668 616 715 677; x_wconf 84' lang='lat' dir='ltr'>vel</span> <span class='ocrx_word' id='word_1_35' title='bbox 727 635 845 678; x_wconf 88' lang='lat' dir='ltr'>summo</span> <span class='ocrx_word' id='word_1_36' title='bbox 859 617 955 678; x_wconf 74' lang='lat' dir='ltr'>mane.</span> 
     </span>
    </p>
   </div>
   <div class='ocr_carea' id='block_1_3' title="bbox 37 821 995 1015">
    <p class='ocr_par' dir='ltr' id='par_1_3' title="bbox 37 821 995 1015">
     <span class='ocr_line' id='line_1_7' title="bbox 37 821 995 1015; baseline 0.007 -83"><span class='ocrx_word' id='word_1_37' title='bbox 37 871 75 931; x_wconf 82' lang='lat' dir='ltr'>N.</span> <span class='ocrx_word' id='word_1_38' title='bbox 94 874 148 932; x_wconf 70' lang='grc'>58.</span> <span class='ocrx_word' id='word_1_39' title='bbox 184 871 250 934; x_wconf 75' lang='lat' dir='ltr'>DE</span> <span class='ocrx_word' id='word_1_40' title='bbox 270 821 741 1015; x_wconf 45' lang='lat' dir='ltr'>INVERSIOgiffiNORDlNlS</span> <span class='ocrx_word' id='word_1_41' title='bbox 767 871 995 939; x_wconf 84' lang='lat' dir='ltr'>HORARUM</span> 
     </span>
    </p>
   </div>
   <div class='ocr_carea' id='block_1_4' title="bbox 37 1129 996 1451">
    <p class='ocr_par' dir='ltr' id='par_1_4' title="bbox 37 1129 996 1451">
     <span class='ocr_line' id='line_1_8' title="bbox 37 1129 992 1212; baseline 0.005 -24"><span class='ocrx_word' id='word_1_42' title='bbox 37 1129 60 1188; x_wconf 91' lang='lat'>1.</span> <span class='ocrx_word' id='word_1_43' title='bbox 79 1129 218 1191; x_wconf 81' lang='lat' dir='ltr'>Inversio</span> <span class='ocrx_word' id='word_1_44' title='bbox 230 1129 343 1192; x_wconf 81' lang='lat' dir='ltr'>Horar.</span> <span class='ocrx_word' id='word_1_45' title='bbox 356 1132 438 1192; x_wconf 78' lang='lat' dir='ltr'>ectrd</span> <span class='ocrx_word' id='word_1_46' title='bbox 448 1129 565 1192; x_wconf 71' lang='lat' dir='ltr'>cimmo</span> <span class='ocrx_word' id='word_1_47' title='bbox 580 1143 778 1212; x_wconf 80' lang='lat' dir='ltr'>estpeseotum</span> <span class='ocrx_word' id='word_1_48' title='bbox 790 1136 910 1195; x_wconf 68' lang='lat' dir='ltr'>micis.</span> <span class='ocrx_word' id='word_1_49' title='bbox 952 1136 992 1194; x_wconf 88' lang='lat'>11.</span> 
     </span>
     <span class='ocr_line' id='line_1_9' title="bbox 97 1209 996 1296; baseline 0.008 -28"><span class='ocrx_word' id='word_1_50' title='bbox 97 1209 208 1270; x_wconf 74' lang='lat' dir='ltr'>Com</span> <span class='ocrx_word' id='word_1_51' title='bbox 238 1222 410 1272; x_wconf 61' lang='lat' dir='ltr'>amanus</span> <span class='ocrx_word' id='word_1_52' title='bbox 472 1212 529 1271; x_wconf 90' lang='lat' dir='ltr'><strong>III.</strong></span> <span class='ocrx_word' id='word_1_53' title='bbox 549 1213 682 1274; x_wconf 83' lang='lat' dir='ltr'>Inversio</span> <span class='ocrx_word' id='word_1_54' title='bbox 705 1216 836 1296; x_wconf 75' lang='lat' dir='ltr'>partium</span> <span class='ocrx_word' id='word_1_55' title='bbox 870 1215 996 1294; x_wconf 70' lang='lat' dir='ltr'>ey&#39;usdem</span> 
     </span>
     <span class='ocr_line' id='line_1_10' title="bbox 92 1285 996 1372; baseline 0.004 -24"><span class='ocrx_word' id='word_1_56' title='bbox 92 1287 200 1350; x_wconf 76' lang='lat' dir='ltr'>Hem.</span> <span class='ocrx_word' id='word_1_57' title='bbox 230 1285 293 1350; x_wconf 74' lang='lat' dir='ltr'>&#39;le</span> <span class='ocrx_word' id='word_1_58' title='bbox 319 1289 454 1369; x_wconf 83' lang='lat' dir='ltr'>Officium</span> <span class='ocrx_word' id='word_1_59' title='bbox 464 1312 521 1372; x_wconf 82' lang='lat' dir='ltr'>pro</span> <span class='ocrx_word' id='word_1_60' title='bbox 539 1289 643 1370; x_wconf 70' lang='lat' dir='ltr'>Officio</span> <span class='ocrx_word' id='word_1_61' title='bbox 656 1295 775 1352; x_wconf 78' lang='lat' dir='ltr'>recitate</span> <span class='ocrx_word' id='word_1_62' title='bbox 786 1312 847 1354; x_wconf 77' lang='lat' dir='ltr'>nou</span> <span class='ocrx_word' id='word_1_63' title='bbox 859 1293 932 1353; x_wconf 82' lang='lat' dir='ltr'>licet.</span> <span class='ocrx_word' id='word_1_64' title='bbox 958 1294 996 1354; x_wconf 88' lang='lat' dir='ltr'>V.</span> 
     </span>
     <span class='ocr_line' id='line_1_11' title="bbox 92 1367 918 1451; baseline 0.005 -23"><span class='ocrx_word' id='word_1_65' title='bbox 92 1367 194 1448; x_wconf 83' lang='lat' dir='ltr'>Prop.</span> <span class='ocrx_word' id='word_1_66' title='bbox 206 1370 303 1430; x_wconf 70' lang='grc' dir='ltr'><em>ᾱαηιπ.</em></span> <span class='ocrx_word' id='word_1_67' title='bbox 344 1369 397 1430; x_wconf 87' lang='lat' dir='ltr'>VI.</span> <span class='ocrx_word' id='word_1_68' title='bbox 415 1369 466 1432; x_wconf 83' lang='lat' dir='ltr'>Da</span> <span class='ocrx_word' id='word_1_69' title='bbox 477 1371 618 1450; x_wconf 72' lang='lat' dir='ltr'>qualitate</span> <span class='ocrx_word' id='word_1_70' title='bbox 635 1369 735 1451; x_wconf 71' lang='lat' dir='ltr'>Officii</span> <span class='ocrx_word' id='word_1_71' title='bbox 748 1369 823 1432; x_wconf 85' lang='lat' dir='ltr'>Hor.</span> <span class='ocrx_word' id='word_1_72' title='bbox 843 1371 918 1433; x_wconf 84' lang='lat' dir='ltr'>Can.</span> 
     </span>
    </p>
   </div>
   <div class='ocr_carea' id='block_1_5' title="bbox 35 1551 995 1715">
    <p class='ocr_par' dir='ltr' id='par_1_5' title="bbox 35 1551 995 1715">
     <span class='ocr_line' id='line_1_12' title="bbox 71 1551 993 1634; baseline 0.01 -23"><span class='ocrx_word' id='word_1_73' title='bbox 71 1551 96 1611; x_wconf 87' lang='lat'>1.</span> <span class='ocrx_word' id='word_1_74' title='bbox 120 1551 328 1616; x_wconf 82' lang='lat' dir='ltr'>INVERSIO</span> <span class='ocrx_word' id='word_1_75' title='bbox 342 1553 462 1626; x_wconf 85' lang='lat' dir='ltr'>ordinis,</span> <span class='ocrx_word' id='word_1_76' title='bbox 485 1554 528 1616; x_wconf 86' lang='lat' dir='ltr'>ita</span> <span class='ocrx_word' id='word_1_77' title='bbox 540 1567 575 1616; x_wconf 90' lang='lat' dir='ltr'>ut</span> <span class='ocrx_word' id='word_1_78' title='bbox 600 1575 628 1616; x_wconf 80' lang='lat' dir='ltr'>r.</span> <span class='ocrx_word' id='word_1_79' title='bbox 641 1575 671 1634; x_wconf 80' lang='lat' dir='ltr'>g.</span> <span class='ocrx_word' id='word_1_80' title='bbox 691 1555 780 1616; x_wconf 86' lang='lat' dir='ltr'>None</span> <span class='ocrx_word' id='word_1_81' title='bbox 793 1555 909 1620; x_wconf 83' lang='lat' dir='ltr'>dicutur</span> <span class='ocrx_word' id='word_1_82' title='bbox 922 1569 993 1620; x_wconf 83' lang='lat' dir='ltr'>ante</span> 
     </span>
     <span class='ocr_line' id='line_1_13' title="bbox 35 1631 995 1715; baseline 0.004 -24"><span class='ocrx_word' id='word_1_83' title='bbox 35 1631 172 1694; x_wconf 77' lang='lat' dir='ltr'>Tertium</span> <span class='ocrx_word' id='word_1_84' title='bbox 187 1633 337 1694; x_wconf 78' lang='lat' dir='ltr'>Horarum</span> <span class='ocrx_word' id='word_1_85' title='bbox 351 1635 575 1706; x_wconf 81' lang='lat' dir='ltr'>Causnicarum,</span> <span class='ocrx_word' id='word_1_86' title='bbox 599 1635 629 1696; x_wconf 83' lang='lat' dir='ltr'>iu</span> <span class='ocrx_word' id='word_1_87' title='bbox 643 1635 732 1696; x_wconf 91' lang='lat' dir='ltr'>choro</span> <span class='ocrx_word' id='word_1_88' title='bbox 755 1636 814 1696; x_wconf 89' lang='lat' dir='ltr'>erit</span> <span class='ocrx_word' id='word_1_89' title='bbox 837 1649 995 1715; x_wconf 87' lang='lat' dir='ltr'>peccatum</span> 
     </span>
    </p>
   </div>
   <div class='ocr_carea' id='block_1_6' title="bbox 29 1712 1043 3852">
    <p class='ocr_par' dir='ltr' id='par_1_6' title="bbox 29 1712 1043 2014">
     <span class='ocr_line' id='line_1_14' title="bbox 33 1712 996 1792; baseline 0.005 -21"><span class='ocrx_word' id='word_1_90' title='bbox 33 1731 142 1790; x_wconf 85' lang='lat' dir='ltr'>grave;</span> <span class='ocrx_word' id='word_1_91' title='bbox 164 1712 197 1772; x_wconf 92' lang='lat' dir='ltr'>in</span> <span class='ocrx_word' id='word_1_92' title='bbox 210 1712 384 1774; x_wconf 75' lang='lat' dir='ltr'>recitatione</span> <span class='ocrx_word' id='word_1_93' title='bbox 411 1715 525 1792; x_wconf 82' lang='lat' dir='ltr'>privata</span> <span class='ocrx_word' id='word_1_94' title='bbox 550 1735 610 1786; x_wconf 79' lang='lat' dir='ltr'>non</span> <span class='ocrx_word' id='word_1_95' title='bbox 636 1714 693 1788; x_wconf 78' lang='lat' dir='ltr'>nisi</span> <span class='ocrx_word' id='word_1_96' title='bbox 718 1715 836 1776; x_wconf 80' lang='lat' dir='ltr'>veniale</span> <span class='ocrx_word' id='word_1_97' title='bbox 849 1715 996 1786; x_wconf 84' lang='lat' dir='ltr'>continet,</span> 
     </span>
     <span class='ocr_line' id='line_1_15' title="bbox 29 1792 997 1874; baseline 0.002 -22"><span class='ocrx_word' id='word_1_98' title='bbox 29 1792 102 1870; x_wconf 83' lang='lat' dir='ltr'>quia</span> <span class='ocrx_word' id='word_1_99' title='bbox 130 1804 268 1854; x_wconf 86' lang='lat' dir='ltr'>servatur</span> <span class='ocrx_word' id='word_1_100' title='bbox 295 1805 476 1872; x_wconf 71' lang='lat' dir='ltr'>preceptum</span> <span class='ocrx_word' id='word_1_101' title='bbox 504 1794 602 1874; x_wconf 87' lang='lat' dir='ltr'>quoad</span> <span class='ocrx_word' id='word_1_102' title='bbox 628 1794 841 1856; x_wconf 82' lang='lat' dir='ltr'>substantiam:</span> <span class='ocrx_word' id='word_1_103' title='bbox 876 1795 997 1864; x_wconf 79' lang='lat' dir='ltr'>imd‚si</span> 
     </span>
     <span class='ocr_line' id='line_1_16' title="bbox 32 1871 1043 1952; baseline 0.003 -22"><span class='ocrx_word' id='word_1_104' title='bbox 32 1871 220 1938; x_wconf 70' lang='lat' dir='ltr'>rationabilis</span> <span class='ocrx_word' id='word_1_105' title='bbox 235 1891 324 1940; x_wconf 83' lang='lat' dir='ltr'>causa</span> <span class='ocrx_word' id='word_1_106' title='bbox 335 1885 500 1943; x_wconf 80' lang='lat' dir='ltr'>concurrat,</span> <span class='ocrx_word' id='word_1_107' title='bbox 520 1893 580 1933; x_wconf 91' lang='lat' dir='ltr'>non</span> <span class='ocrx_word' id='word_1_108' title='bbox 594 1874 785 1952; x_wconf 83' lang='lat' dir='ltr'>peccabitur;</span> <span class='ocrx_word' id='word_1_109' title='bbox 805 1874 852 1936; x_wconf 85' lang='lat' dir='ltr'>uti</span> <span class='ocrx_word' id='word_1_110' title='bbox 865 1874 955 1936; x_wconf 89' lang='lat' dir='ltr'>etiam</span> <span class='ocrx_word' id='word_1_111' title='bbox 970 1874 998 1933; x_wconf 89' lang='lat' dir='ltr'>si</span> <span class='ocrx_word' id='word_1_112' title='bbox 1040 1938 1043 1946; x_wconf 57' lang='grc'>,</span> 
     </span>
     <span class='ocr_line' id='line_1_17' title="bbox 31 1951 603 2014; baseline 0.003 -2"><span class='ocrx_word' id='word_1_113' title='bbox 31 1951 83 2012; x_wconf 81' lang='lat' dir='ltr'>fiet</span> <span class='ocrx_word' id='word_1_114' title='bbox 98 1971 140 2012; x_wconf 83' lang='lat' dir='ltr'>ex</span> <span class='ocrx_word' id='word_1_115' title='bbox 155 1951 374 2014; x_wconf 83' lang='lat' dir='ltr'>inadvertentia</span> <span class='ocrx_word' id='word_1_116' title='bbox 386 1953 435 2013; x_wconf 79' lang='lat' dir='ltr'>uel</span> <span class='ocrx_word' id='word_1_117' title='bbox 447 1953 603 2014; x_wconf 86' lang='lat' dir='ltr'>oblivione.</span> 
     </span>
    </p>

    <p class='ocr_par' dir='ltr' id='par_1_7' title="bbox 31 2029 997 2826">
     <span class='ocr_line' id='line_1_18' title="bbox 71 2029 996 2112; baseline 0.006 -24"><span class='ocrx_word' id='word_1_118' title='bbox 71 2029 115 2090; x_wconf 93' lang='lat'>11.</span> <span class='ocrx_word' id='word_1_119' title='bbox 139 2031 175 2098; x_wconf 82' lang='lat' dir='ltr'>Si</span> <span class='ocrx_word' id='word_1_120' title='bbox 189 2031 220 2092; x_wconf 91' lang='lat' dir='ltr'>in</span> <span class='ocrx_word' id='word_1_121' title='bbox 234 2032 333 2103; x_wconf 84' lang='lat' dir='ltr'>choro,</span> <span class='ocrx_word' id='word_1_122' title='bbox 357 2031 432 2094; x_wconf 79' lang='lat' dir='ltr'>dun</span> <span class='ocrx_word' id='word_1_123' title='bbox 459 2031 525 2112; x_wconf 89' lang='lat' dir='ltr'>quis</span> <span class='ocrx_word' id='word_1_124' title='bbox 545 2052 615 2094; x_wconf 89' lang='lat' dir='ltr'>eum</span> <span class='ocrx_word' id='word_1_125' title='bbox 639 2031 812 2112; x_wconf 78' lang='lat' dir='ltr'>ingreditur,</span> <span class='ocrx_word' id='word_1_126' title='bbox 837 2045 996 2094; x_wconf 82' lang='lat' dir='ltr'>cantentur</span> 
     </span>
     <span class='ocr_line' id='line_1_19' title="bbox 33 2109 996 2191; baseline 0.006 -23"><span class='ocrx_word' id='word_1_127' title='bbox 33 2109 127 2172; x_wconf 70' lang='lat' dir='ltr'>Horae</span> <span class='ocrx_word' id='word_1_128' title='bbox 156 2111 346 2190; x_wconf 77' lang='lat' dir='ltr'>posteriores,</span> <span class='ocrx_word' id='word_1_129' title='bbox 373 2111 512 2172; x_wconf 79' lang='lat' dir='ltr'>conuenit</span> <span class='ocrx_word' id='word_1_130' title='bbox 538 2111 622 2191; x_wconf 91' lang='lat' dir='ltr'>sequi</span> <span class='ocrx_word' id='word_1_131' title='bbox 651 2113 774 2174; x_wconf 88' lang='lat' dir='ltr'>chorum</span> <span class='ocrx_word' id='word_1_132' title='bbox 801 2113 831 2174; x_wconf 90' lang='lat' dir='ltr'>iu</span> <span class='ocrx_word' id='word_1_133' title='bbox 859 2125 950 2174; x_wconf 84' lang='lat' dir='ltr'>cantu</span> <span class='ocrx_word' id='word_1_134' title='bbox 969 2119 996 2174; x_wconf 70' lang='grc' dir='ltr'>δι</span> 
     </span>
     <span class='ocr_line' id='line_1_20' title="bbox 34 2190 995 2272; baseline 0.002 -22"><span class='ocrx_word' id='word_1_135' title='bbox 34 2202 139 2268; x_wconf 86' lang='lat' dir='ltr'>postea</span> <span class='ocrx_word' id='word_1_136' title='bbox 153 2191 294 2270; x_wconf 89' lang='lat' dir='ltr'>supplere</span> <span class='ocrx_word' id='word_1_137' title='bbox 317 2190 415 2252; x_wconf 88' lang='lat' dir='ltr'>Horas</span> <span class='ocrx_word' id='word_1_138' title='bbox 438 2191 580 2260; x_wconf 64' lang='lat' dir='ltr'>omissam</span> <span class='ocrx_word' id='word_1_139' title='bbox 601 2191 754 2272; x_wconf 76' lang='lat' dir='ltr'>solumque</span> <span class='ocrx_word' id='word_1_140' title='bbox 778 2192 846 2256; x_wconf 82' lang='lat' dir='ltr'>talis</span> <span class='ocrx_word' id='word_1_141' title='bbox 860 2191 995 2271; x_wconf 88' lang='lat' dir='ltr'>deliquit,</span> 
     </span>
     <span class='ocr_line' id='line_1_21' title="bbox 32 2269 995 2362; baseline 0.007 -36"><span class='ocrx_word' id='word_1_142' title='bbox 32 2269 228 2362; x_wconf 76' lang='lat' dir='ltr'>inquantum</span> <span class='ocrx_word' id='word_1_143' title='bbox 241 2281 311 2362; x_wconf 83' lang='lat' dir='ltr'>apte</span> <span class='ocrx_word' id='word_1_144' title='bbox 325 2269 490 2350; x_wconf 78' lang='lat' dir='ltr'>ingressum</span> <span class='ocrx_word' id='word_1_145' title='bbox 512 2270 595 2332; x_wconf 86' lang='lat' dir='ltr'>chori</span> <span class='ocrx_word' id='word_1_146' title='bbox 621 2271 754 2350; x_wconf 81' lang='lat' dir='ltr'>neglexit</span> <span class='ocrx_word' id='word_1_147' title='bbox 779 2271 878 2332; x_wconf 88' lang='lat' dir='ltr'>Horas</span> <span class='ocrx_word' id='word_1_148' title='bbox 892 2272 995 2333; x_wconf 87' lang='lat' dir='ltr'>ordine</span> 
     </span>
     <span class='ocr_line' id='line_1_22' title="bbox 31 2359 995 2522; baseline 0.005 -36"><span class='ocrx_word' id='word_1_149' title='bbox 31 2367 148 2520; x_wconf 52' lang='grc' dir='ltr'>ΡἪΙΕ.ε</span> <span class='ocrx_word' id='word_1_150' title='bbox 155 2359 431 2508; x_wconf 48' lang='grc' dir='ltr'>Κῗέειὶὶωρῒὲιῐυω</span> <span class='ocrx_word' id='word_1_151' title='bbox 445 2427 579 2509; x_wconf 87' lang='lat' dir='ltr'>ejusdem</span> <span class='ocrx_word' id='word_1_152' title='bbox 602 2427 695 2490; x_wconf 78' lang='lat' dir='ltr'>Hora</span> <span class='ocrx_word' id='word_1_153' title='bbox 718 2430 793 2492; x_wconf 86' lang='lat' dir='ltr'>Cau.</span> <span class='ocrx_word' id='word_1_154' title='bbox 806 2429 900 2522; x_wconf 77' lang='lat' dir='ltr'>magis</span> <span class='ocrx_word' id='word_1_155' title='bbox 915 2421 995 2492; x_wconf 77' lang='lat' dir='ltr'>imr-</span> 
     </span>
     <span class='ocr_line' id='line_1_23' title="bbox 31 2507 996 2589; baseline 0.005 -23"><span class='ocrx_word' id='word_1_156' title='bbox 31 2507 136 2568; x_wconf 84' lang='lat' dir='ltr'>druata</span> <span class='ocrx_word' id='word_1_157' title='bbox 151 2520 220 2576; x_wconf 71' lang='lat' dir='ltr'>este</span> <span class='ocrx_word' id='word_1_158' title='bbox 239 2508 358 2569; x_wconf 87' lang='lat' dir='ltr'>iuterim</span> <span class='ocrx_word' id='word_1_159' title='bbox 379 2509 404 2568; x_wconf 85' lang='lat' dir='ltr'>si</span> <span class='ocrx_word' id='word_1_160' title='bbox 431 2529 627 2588; x_wconf 74' lang='lat' dir='ltr'>pereuntem</span> <span class='ocrx_word' id='word_1_161' title='bbox 655 2509 703 2574; x_wconf 87' lang='lat' dir='ltr'>vel</span> <span class='ocrx_word' id='word_1_162' title='bbox 729 2507 906 2572; x_wconf 76' lang='lat' dir='ltr'>oblivionem</span> <span class='ocrx_word' id='word_1_163' title='bbox 927 2529 996 2589; x_wconf 86' lang='lat' dir='ltr'>pars</span> 
     </span>
     <span class='ocr_line' id='line_1_24' title="bbox 31 2587 997 2728; baseline 0.004 -82"><span class='ocrx_word' id='word_1_164' title='bbox 31 2587 174 2665; x_wconf 76' lang='lat' dir='ltr'>quasdem</span> <span class='ocrx_word' id='word_1_165' title='bbox 188 2587 297 2648; x_wconf 78' lang='lat' dir='ltr'>omisso</span> <span class='ocrx_word' id='word_1_166' title='bbox 309 2588 358 2660; x_wconf 81' lang='lat' dir='ltr'>sit,</span> <span class='ocrx_word' id='word_1_167' title='bbox 372 2608 401 2648; x_wconf 86' lang='lat' dir='ltr'>v.</span> <span class='ocrx_word' id='word_1_168' title='bbox 413 2609 443 2668; x_wconf 80' lang='lat' dir='ltr'>g.</span> <span class='ocrx_word' id='word_1_169' title='bbox 455 2589 586 2728; x_wconf 82' lang='lat' dir='ltr'>psalmus</span> <span class='ocrx_word' id='word_1_170' title='bbox 599 2599 651 2650; x_wconf 84' lang='lat' dir='ltr'>uu</span> <span class='ocrx_word' id='word_1_171' title='bbox 663 2587 763 2658; x_wconf 86' lang='lat' dir='ltr'>lectio,</span> <span class='ocrx_word' id='word_1_172' title='bbox 782 2588 860 2650; x_wconf 90' lang='lat' dir='ltr'>solet</span> <span class='ocrx_word' id='word_1_173' title='bbox 873 2607 909 2649; x_wconf 83' lang='lat' dir='ltr'>ee</span> <span class='ocrx_word' id='word_1_174' title='bbox 924 2587 997 2674; x_wconf 78' lang='lat' dir='ltr'>Olli-</span> 
     </span>
     <span class='ocr_line' id='line_1_25' title="bbox 31 2666 996 2757; baseline 0.004 -30"><span class='ocrx_word' id='word_1_175' title='bbox 31 2667 78 2727; x_wconf 87' lang='lat' dir='ltr'>cio</span> <span class='ocrx_word' id='word_1_176' title='bbox 93 2666 251 2745; x_wconf 75' lang='lat' dir='ltr'>persoluto</span> <span class='ocrx_word' id='word_1_177' title='bbox 265 2666 365 2728; x_wconf 78' lang='lat' dir='ltr'>stetim</span> <span class='ocrx_word' id='word_1_178' title='bbox 376 2667 509 2748; x_wconf 71' lang='lat' dir='ltr'>suppari</span> <span class='ocrx_word' id='word_1_179' title='bbox 522 2673 549 2730; x_wconf 68' lang='lat' dir='ltr'>lt</span> <span class='ocrx_word' id='word_1_180' title='bbox 562 2667 605 2730; x_wconf 87' lang='lat' dir='ltr'>ita</span> <span class='ocrx_word' id='word_1_181' title='bbox 627 2667 724 2757; x_wconf 81' lang='lat' dir='ltr'>quoad</span> <span class='ocrx_word' id='word_1_182' title='bbox 737 2667 932 2730; x_wconf 84' lang='lat' dir='ltr'>substantiam</span> <span class='ocrx_word' id='word_1_183' title='bbox 948 2687 996 2730; x_wconf 82' lang='lat' dir='ltr'>sa-</span> 
     </span>
     <span class='ocr_line' id='line_1_26' title="bbox 32 2745 317 2826; baseline 0 -20"><span class='ocrx_word' id='word_1_184' title='bbox 32 2745 139 2806; x_wconf 88' lang='lat' dir='ltr'>tisfieri</span> <span class='ocrx_word' id='word_1_185' title='bbox 156 2757 317 2826; x_wconf 79' lang='lat' dir='ltr'>praecepto.</span> 
     </span>
    </p>

    <p class='ocr_par' dir='ltr' id='par_1_8' title="bbox 32 2825 1018 3474">
     <span class='ocr_line' id='line_1_27' title="bbox 70 2825 996 2920; baseline 0.003 -35"><span class='ocrx_word' id='word_1_186' title='bbox 70 2826 128 2886; x_wconf 90' lang='lat' dir='ltr'>IV.</span> <span class='ocrx_word' id='word_1_187' title='bbox 153 2825 292 2886; x_wconf 84' lang='lat' dir='ltr'>Officium</span> <span class='ocrx_word' id='word_1_188' title='bbox 306 2843 359 2920; x_wconf 92' lang='lat' dir='ltr'>pro</span> <span class='ocrx_word' id='word_1_189' title='bbox 373 2825 487 2896; x_wconf 84' lang='lat' dir='ltr'>Officio,</span> <span class='ocrx_word' id='word_1_190' title='bbox 508 2837 547 2888; x_wconf 90' lang='lat' dir='ltr'>ut</span> <span class='ocrx_word' id='word_1_191' title='bbox 559 2825 676 2896; x_wconf 83' lang='lat' dir='ltr'>dicitur,</span> <span class='ocrx_word' id='word_1_192' title='bbox 691 2826 816 2888; x_wconf 84' lang='lat' dir='ltr'>recitare</span> <span class='ocrx_word' id='word_1_193' title='bbox 829 2847 889 2888; x_wconf 83' lang='lat' dir='ltr'>rron</span> <span class='ocrx_word' id='word_1_194' title='bbox 903 2825 996 2897; x_wconf 86' lang='lat' dir='ltr'>lieet;</span> 
     </span>
     <span class='ocr_line' id='line_1_28' title="bbox 33 2905 1018 2985; baseline 0 -19"><span class='ocrx_word' id='word_1_195' title='bbox 33 2905 101 2984; x_wconf 86' lang='lat' dir='ltr'>quia</span> <span class='ocrx_word' id='word_1_196' title='bbox 109 2917 299 2985; x_wconf 74' lang='lat' dir='ltr'>preceptum</span> <span class='ocrx_word' id='word_1_197' title='bbox 312 2905 370 2966; x_wconf 79' lang='lat' dir='ltr'>isti</span> <span class='ocrx_word' id='word_1_198' title='bbox 378 2905 426 2966; x_wconf 87' lang='lat' dir='ltr'>die</span> <span class='ocrx_word' id='word_1_199' title='bbox 440 2905 551 2984; x_wconf 82' lang='lat' dir='ltr'>obligat</span> <span class='ocrx_word' id='word_1_200' title='bbox 560 2905 599 2968; x_wconf 82' lang='lat' dir='ltr'>sd</span> <span class='ocrx_word' id='word_1_201' title='bbox 611 2905 747 2968; x_wconf 86' lang='lat' dir='ltr'>Officium</span> <span class='ocrx_word' id='word_1_202' title='bbox 758 2905 825 2966; x_wconf 84' lang='lat' dir='ltr'>talis</span> <span class='ocrx_word' id='word_1_203' title='bbox 834 2905 902 2966; x_wconf 87' lang='lat' dir='ltr'>diei.</span> <span class='ocrx_word' id='word_1_204' title='bbox 917 2906 992 2966; x_wconf 91' lang='lat' dir='ltr'>Om·</span> <span class='ocrx_word' id='word_1_205' title='bbox 1015 2908 1018 2916; x_wconf 81' lang='grc'>’</span> 
     </span>
     <span class='ocr_line' id='line_1_29' title="bbox 33 2983 995 3058; baseline 0.002 -14"><span class='ocrx_word' id='word_1_206' title='bbox 33 3005 83 3044; x_wconf 86' lang='lat' dir='ltr'>nes</span> <span class='ocrx_word' id='word_1_207' title='bbox 99 2997 207 3046; x_wconf 86' lang='lat' dir='ltr'>tamen</span> <span class='ocrx_word' id='word_1_208' title='bbox 221 2984 396 3058; x_wconf 80' lang='lat' dir='ltr'>concedunt,</span> <span class='ocrx_word' id='word_1_209' title='bbox 410 2985 521 3046; x_wconf 89' lang='lat' dir='ltr'>sierror</span> <span class='ocrx_word' id='word_1_210' title='bbox 530 2984 672 3046; x_wconf 87' lang='lat' dir='ltr'>acciderit</span> <span class='ocrx_word' id='word_1_211' title='bbox 683 3005 721 3046; x_wconf 84' lang='lat' dir='ltr'>ex</span> <span class='ocrx_word' id='word_1_212' title='bbox 732 2983 954 3056; x_wconf 87' lang='lat' dir='ltr'>inadvertentia,</span> <span class='ocrx_word' id='word_1_213' title='bbox 967 2989 995 3046; x_wconf 70' lang='lat' dir='ltr'>t:</span> 
     </span>
     <span class='ocr_line' id='line_1_30' title="bbox 33 3063 992 3158; baseline 0.002 -34"><span class='ocrx_word' id='word_1_214' title='bbox 33 3065 141 3128; x_wconf 83' lang='lat' dir='ltr'>Officia</span> <span class='ocrx_word' id='word_1_215' title='bbox 155 3063 327 3156; x_wconf 69' lang='lat' dir='ltr'>mutabiliter</span> <span class='ocrx_word' id='word_1_216' title='bbox 347 3085 405 3158; x_wconf 75' lang='lat' dir='ltr'>nou</span> <span class='ocrx_word' id='word_1_217' title='bbox 429 3063 574 3134; x_wconf 74' lang='lat' dir='ltr'>diffusus,</span> <span class='ocrx_word' id='word_1_218' title='bbox 601 3063 683 3144; x_wconf 86' lang='lat' dir='ltr'>qudd</span> <span class='ocrx_word' id='word_1_219' title='bbox 705 3063 829 3157; x_wconf 74' lang='lat' dir='ltr'>sufficiat</span> <span class='ocrx_word' id='word_1_220' title='bbox 850 3065 992 3144; x_wconf 88' lang='lat' dir='ltr'>supplere</span> 
     </span>
     <span class='ocr_line' id='line_1_31' title="bbox 34 3143 997 3304; baseline 0.004 -20"><span class='ocrx_word' id='word_1_221' title='bbox 34 3143 615 3284; x_wconf 54' lang='lat' dir='ltr'>tsttttllitttmtttttit</span> <span class='ocrx_word' id='word_1_222' title='bbox 626 3160 826 3302; x_wconf 48' lang='lat' dir='ltr'>{titium</span> <span class='ocrx_word' id='word_1_223' title='bbox 842 3243 869 3282; x_wconf 64' lang='lat' dir='ltr'>v.</span> <span class='ocrx_word' id='word_1_224' title='bbox 882 3243 912 3304; x_wconf 67' lang='lat' dir='ltr'>g.</span> <span class='ocrx_word' id='word_1_225' title='bbox 927 3221 997 3288; x_wconf 71' lang='lat' dir='ltr'>m</span> 
     </span>
     <span class='ocr_line' id='line_1_32' title="bbox 33 3301 995 3381; baseline -0.003 -17"><span class='ocrx_word' id='word_1_226' title='bbox 33 3301 321 3381; x_wconf 81' lang='lat' dir='ltr'>tutinum,reliquas</span> <span class='ocrx_word' id='word_1_227' title='bbox 343 3301 441 3364; x_wconf 85' lang='lat' dir='ltr'>Horas</span> <span class='ocrx_word' id='word_1_228' title='bbox 462 3302 571 3364; x_wconf 80' lang='lat' dir='ltr'>recitet</span> <span class='ocrx_word' id='word_1_229' title='bbox 585 3301 758 3362; x_wconf 69' lang='lat' dir='ltr'>&#39;secundum</span> <span class='ocrx_word' id='word_1_230' title='bbox 784 3301 921 3364; x_wconf 78' lang='lat' dir='ltr'>Officium</span> <span class='ocrx_word' id='word_1_231' title='bbox 936 3303 995 3366; x_wconf 85' lang='lat' dir='ltr'>diei</span> 
     </span>
     <span class='ocr_line' id='line_1_33' title="bbox 32 3381 671 3474; baseline -0.003 -32"><span class='ocrx_word' id='word_1_232' title='bbox 32 3394 231 3474; x_wconf 73' lang='lat' dir='ltr'>praeceptum,</span> <span class='ocrx_word' id='word_1_233' title='bbox 246 3393 351 3442; x_wconf 91' lang='lat' dir='ltr'>utnon</span> <span class='ocrx_word' id='word_1_234' title='bbox 365 3381 519 3444; x_wconf 81' lang='lat' dir='ltr'>continuet</span> <span class='ocrx_word' id='word_1_235' title='bbox 532 3401 671 3442; x_wconf 86' lang='lat' dir='ltr'>errorem.</span> 
     </span>
    </p>

    <p class='ocr_par' dir='ltr' id='par_1_9' title="bbox 30 3459 995 3852">
     <span class='ocr_line' id='line_1_34' title="bbox 69 3459 992 3542; baseline 0.001 -21"><span class='ocrx_word' id='word_1_236' title='bbox 69 3461 222 3521; x_wconf 74' lang='lat' dir='ltr'>Similiter</span> <span class='ocrx_word' id='word_1_237' title='bbox 237 3460 288 3539; x_wconf 82' lang='lat' dir='ltr'>qui</span> <span class='ocrx_word' id='word_1_238' title='bbox 301 3481 353 3542; x_wconf 87' lang='lat' dir='ltr'>per</span> <span class='ocrx_word' id='word_1_239' title='bbox 363 3480 492 3522; x_wconf 84' lang='lat' dir='ltr'>errorem</span> <span class='ocrx_word' id='word_1_240' title='bbox 547 3459 699 3524; x_wconf 85' lang='lat' dir='ltr'>aetermisit</span> <span class='ocrx_word' id='word_1_241' title='bbox 720 3459 858 3522; x_wconf 89' lang='lat' dir='ltr'>Officium</span> <span class='ocrx_word' id='word_1_242' title='bbox 867 3460 992 3541; x_wconf 86' lang='lat' dir='ltr'>alicujus</span> 
     </span>
     <span class='ocr_line' id='line_1_35' title="bbox 35 3481 995 3612; baseline -0.005 -11"><span class='ocrx_word' id='word_1_243' title='bbox 35 3539 147 3610; x_wconf 88' lang='lat' dir='ltr'>Sancti,</span> <span class='ocrx_word' id='word_1_244' title='bbox 164 3559 227 3600; x_wconf 85' lang='lat' dir='ltr'>non</span> <span class='ocrx_word' id='word_1_245' title='bbox 241 3539 331 3600; x_wconf 88' lang='lat' dir='ltr'>debet</span> <span class='ocrx_word' id='word_1_246' title='bbox 344 3539 417 3600; x_wconf 85' lang='lat' dir='ltr'>illud</span> <span class='ocrx_word' id='word_1_247' title='bbox 429 3541 486 3602; x_wconf 80' lang='lat' dir='ltr'>aiio</span> <span class='ocrx_word' id='word_1_248' title='bbox 508 3481 557 3600; x_wconf 67' lang='lat' dir='ltr'>dle</span> <span class='ocrx_word' id='word_1_249' title='bbox 580 3539 752 3611; x_wconf 68' lang='lat' dir='ltr'>dicerene</span> <span class='ocrx_word' id='word_1_250' title='bbox 772 3541 819 3602; x_wconf 90' lang='lat' dir='ltr'>bis</span> <span class='ocrx_word' id='word_1_251' title='bbox 831 3553 920 3612; x_wconf 89' lang='lat' dir='ltr'>erret,</span> <span class='ocrx_word' id='word_1_252' title='bbox 935 3539 995 3600; x_wconf 80' lang='lat' dir='ltr'>uisi</span> 
     </span>
     <span class='ocr_line' id='line_1_36' title="bbox 30 3617 995 3700; baseline -0.004 -20"><span class='ocrx_word' id='word_1_253' title='bbox 30 3624 116 3698; x_wconf 81' lang='lat' dir='ltr'>juxta</span> <span class='ocrx_word' id='word_1_254' title='bbox 133 3619 285 3680; x_wconf 86' lang='lat' dir='ltr'>Rubricas</span> <span class='ocrx_word' id='word_1_255' title='bbox 299 3619 329 3678; x_wconf 88' lang='lat' dir='ltr'>in</span> <span class='ocrx_word' id='word_1_256' title='bbox 342 3618 421 3680; x_wconf 89' lang='lat' dir='ltr'>diem</span> <span class='ocrx_word' id='word_1_257' title='bbox 439 3619 527 3690; x_wconf 82' lang='lat' dir='ltr'>¹illum</span> <span class='ocrx_word' id='word_1_258' title='bbox 551 3619 701 3680; x_wconf 83' lang='lat' dir='ltr'>transferri</span> <span class='ocrx_word' id='word_1_259' title='bbox 725 3619 895 3682; x_wconf 83' lang='lat' dir='ltr'>debuisset:</span> <span class='ocrx_word' id='word_1_260' title='bbox 915 3617 995 3700; x_wconf 84' lang='lat' dir='ltr'>pari·</span> 
     </span>
     <span class='ocr_line' id='line_1_37' title="bbox 35 3697 980 3779; baseline 0.006 -23"><span class='ocrx_word' id='word_1_261' title='bbox 35 3700 170 3760; x_wconf 83' lang='lat' dir='ltr'>lomriter</span> <span class='ocrx_word' id='word_1_262' title='bbox 187 3698 239 3777; x_wconf 73' lang='lat' dir='ltr'>quui</span> <span class='ocrx_word' id='word_1_263' title='bbox 252 3717 305 3777; x_wconf 89' lang='lat' dir='ltr'>per</span> <span class='ocrx_word' id='word_1_264' title='bbox 325 3717 453 3760; x_wconf 82' lang='lat' dir='ltr'>errorem</span> <span class='ocrx_word' id='word_1_265' title='bbox 473 3698 562 3760; x_wconf 90' lang='lat' dir='ltr'>hodie</span> <span class='ocrx_word' id='word_1_266' title='bbox 583 3697 657 3779; x_wconf 79' lang='lat' dir='ltr'>legit</span> <span class='ocrx_word' id='word_1_267' title='bbox 681 3697 818 3762; x_wconf 85' lang='lat' dir='ltr'>Officium</span> <span class='ocrx_word' id='word_1_268' title='bbox 842 3698 901 3764; x_wconf 89' lang='lat' dir='ltr'>diei</span> <span class='ocrx_word' id='word_1_269' title='bbox 914 3717 980 3766; x_wconf 75' lang='lat' dir='ltr'>cras</span> 
     </span>
     <span class='ocr_line' id='line_1_38' title="bbox 36 3775 423 3852; baseline 0.003 -15"><span class='ocrx_word' id='word_1_270' title='bbox 36 3780 111 3852; x_wconf 82' lang='lat' dir='ltr'>tinae,</span> <span class='ocrx_word' id='word_1_271' title='bbox 127 3797 200 3842; x_wconf 84' lang='lat' dir='ltr'>cras</span> <span class='ocrx_word' id='word_1_272' title='bbox 214 3776 293 3838; x_wconf 89' lang='lat' dir='ltr'>idem</span> <span class='ocrx_word' id='word_1_273' title='bbox 306 3775 423 3840; x_wconf 85' lang='lat' dir='ltr'>recitet.</span> 
     </span>
    </p>
   </div>
   <div class='ocr_carea' id='block_1_7' title="bbox 0 0 1123 4084">
    <p class='ocr_par' dir='ltr' id='par_1_10' title="bbox 0 0 1123 4084">
     <span class='ocr_line' id='line_1_39' title="bbox 0 0 1123 4084; baseline 0 0"><span class='ocrx_word' id='word_1_274' title='bbox 0 0 1123 4084; x_wconf 95' lang='lat' dir='ltr'> </span> 
     </span>
    </p>
   </div>
   <div class='ocr_carea' id='block_1_8' title="bbox 637 4009 738 4048">
    <p class='ocr_par' dir='ltr' id='par_1_11' title="bbox 637 4009 738 4048">
     <span class='ocr_line' id='line_1_40' title="bbox 637 4009 738 4048; baseline 0 0"><span class='ocrx_word' id='word_1_275' title='bbox 637 4009 738 4048; x_wconf 58' lang='lat' dir='ltr'>A</span> 
     </span>
    </p>
   </div>
  </div>
 </body>
</html>
